@article{jacksongraph,
  title={Graph theoretic techniques in the analysis of uniquely localizable sensor networks},
  author={Jackson, Bill and Jord{\'a}n, Tibor},
  journal={Localization algorithms and strategies for wireless sensor networks, G. Mao, B. Fidan (eds), IGI Global},
  pages={146--173},
  year={2009}
}

@article{mehlhorn2007implementing,
  title={Implementing minimum cycle basis algorithms},
  author={Mehlhorn, Kurt and Michail, Dimitrios},
  journal={Journal of Experimental Algorithmics (JEA)},
  volume={11},
  pages={2--5},
  year={2007},
  publisher={ACM}
}

@inproceedings{fidan2009edge,
  title={Edge contraction based maintenance of rigidity in multi-agent formations during agent loss},
  author={Fidan, Baris and Hendrickx, Julien M and Anderson, Brian DO},
  booktitle={Control and Automation, 2009. MED'09. 17th Mediterranean Conference on},
  pages={422--427},
  year={2009},
  organization={IEEE}
}

@inproceedings{michieletto2016bearing,
  title={Bearing rigidity theory in $\mathrm{SE}(3)$},
  author={Michieletto, Giulia and Cenedese, Angelo and Franchi, Antonio},
  booktitle={Decision and Control (CDC), 2016 IEEE 55th Conference on},
  pages={5950--5955},
  year={2016},
  organization={IEEE}
}