@article{shi2011human,
  title={Human action segmentation and recognition using discriminative semi-markov models},
  author={Shi, Qinfeng and Cheng, Li and Wang, Li and Smola, Alex},
  journal={International journal of computer vision},
  volume={93},
  number={1},
  pages={22--32},
  year={2011},
  publisher={Springer}
}

@inproceedings{wang2013action,
  title={Action recognition with improved trajectories},
  author={Wang, Heng and Schmid, Cordelia},
  booktitle={Proceedings of the IEEE international conference on computer vision},
  pages={3551--3558},
  year={2013}
}

@inproceedings{vail2007conditional,
  title={Conditional random fields for activity recognition},
  author={Vail, Douglas L and Veloso, Manuela M and Lafferty, John D},
  booktitle={Proceedings of the 6th international joint conference on Autonomous agents and multiagent systems},
  pages={235},
  year={2007},
  organization={ACM}
}

