@inproceedings{Engels:PCV06,
  title={Bundle adjustment rules},
  author={E. C. Engels and H. Stew{\'e}nius and D. Nist{\'e}r},
  booktitle={Photogrammetric Computer Vision},
  volume={2},
  pages={124--131},
  year={2006},
}

@incollection{Triggs:VATP00,
  title={Bundle adjustment -- a modern synthesis},
  author={B. Triggs and P. F. McLauchlan and R. I. Hartley and A. W. Fitzgibbon},
  booktitle={Vision algorithms: theory and practice},
  pages={298--372},
  year={2000},
  publisher={Springer}
}

@incollection{Agarwal:ECCV10,
  title={Bundle adjustment in the large},
  author={S. Agarwal and N. Snavely and S. M. Seitz and R. Szeliski},
  booktitle=IEEE_C_ECCV,
  pages={29--42},
  year={2010},
  publisher={Springer},
}

