@article{Song:TIP10,
	Author = {B. Song and A. T. Kamal and C. Soto and D. Chong and J. A. Farrell and A. K. Roy-Chowdhury},
	Issn = {1057-7149},
	Journal = IEEE_J_IP,
	Number = {10},
	Pages = {2564--2579},
	Title = {Tracking and Activity Recognition Through Consensus in Distributed Camera Networks},
	Volume = {19},
	Year = {2010},
}
