@ARTICLE{Galleani:CSM10,
author={L. Galleani and P. Tavella},
journal=IEEE_M_CS,
title={Time and the Kalman Filter},
year={2010},
volume={30},
number={2},
pages={44-65},
}

@article{Schenato:Automatica11,
  title={Average {T}ime{S}ynch: A consensus-based protocol for clock synchronization in wireless sensor networks},
  author={L. Schenato and F. Fiorentin},
  journal={Automatica},
  volume={47},
  number={9},
  pages={1878--1886},
  year={2011},
  publisher={Elsevier}
}

@article{He:TAC14,
  title={Time synchronization in WSNs: A maximum-value-based consensus approach},
  author={He, Jianping and Cheng, Peng and Shi, Ling and Chen, Jiming and Sun, Youxian},
  journal={Automatic Control, IEEE Transactions on},
  volume={59},
  number={3},
  pages={660--675},
  year={2014},
  publisher={IEEE}
}

@article{Carli:TAC14,
  title={Network clock synchronization based on the second-order linear consensus algorithm},
  author={Carli, Raffaele and Zampieri, Sandro},
  journal={Automatic Control, IEEE Transactions on},
  volume={59},
  number={2},
  pages={409--422},
  year={2014},
  publisher={IEEE}
}

@inproceedings{Jadbabaie:ECC13,
  title={Combinatorial bounds and scaling laws for noise amplification in networks},
  author={Jadbabaie, Ali and Olshevsky, Alex},
  booktitle={European Control Conference (ECC)},
  pages={596--601},
  year={2013}
}

@article{Freris:TAC11,
  title={Fundamental limits on synchronizing clocks over networks},
  author={Freris, Nikolaos M and Graham, Scott R and Kumar, PR},
  journal={Automatic Control, IEEE Transactions on},
  volume={56},
  number={6},
  pages={1352--1364},
  year={2011},
  publisher={IEEE}
}

@inproceedings{Ganeriwal:ENSS03,
  title={Timing-sync protocol for sensor networks},
  author={Ganeriwal, Saurabh and Kumar, Ram and Srivastava, Mani B},
  booktitle={Proceedings of the 1st international conference on Embedded networked sensor systems},
  pages={138--149},
  year={2003},
  organization={ACM}
}

@inproceedings{Maroti:ENSS04,
  title={The flooding time synchronization protocol},
  author={Mar{\'o}ti, Mikl{\'o}s and Kusy, Branislav and Simon, Gyula and L{\'e}deczi, {\'A}kos},
  booktitle={Proceedings of the 2nd international conference on Embedded networked sensor systems},
  pages={39--49},
  year={2004},
  organization={ACM}
}

@article{Elson:SIGOPS02,
  title={Fine-grained network time synchronization using reference broadcasts},
  author={Elson, Jeremy and Girod, Lewis and Estrin, Deborah},
  journal={ACM SIGOPS Operating Systems Review},
  volume={36},
  number={SI},
  pages={147--163},
  year={2002},
  publisher={ACM}
}

@inproceedings{Solis:CDC06,
  title={A new distributed time synchronization protocol for multihop wireless networks},
  author={Solis, Roberto and Borkar, Vivek S and Kumar, PR},
  booktitle={Decision and Control, 2006 45th IEEE Conference on},
  pages={2734--2739},
  year={2006},
  organization={IEEE}
}

@article{Sundararaman:AHN05,
  title={Clock synchronization for wireless sensor networks: a survey},
  author={Sundararaman, Bharath and Buy, Ugo and Kshemkalyani, Ajay D},
  journal={Ad hoc networks},
  volume={3},
  number={3},
  pages={281--323},
  year={2005},
  publisher={Elsevier}
}

@article{Faizulkhakov:PCS07,
  title={Time synchronization methods for wireless sensor networks: A survey},
  author={Faizulkhakov, Ya R},
  journal={Programming and Computer Software},
  volume={33},
  number={4},
  pages={214--226},
  year={2007},
  publisher={Springer}
}

@inproceedings{Giridhar:CDC06,
  title={Distributed clock synchronization over wireless networks: Algorithms and analysis},
  author={A. Giridhar and P. R. Kumar},
  booktitle={Decision and Control, 2006 45th IEEE Conference on},
  pages={4915--4920},
  year={2006},
  organization={IEEE}
}

@inproceedings{Sommer:IPSN09,
  title={Gradient clock synchronization in wireless sensor networks},
  author={Sommer, Philipp and Wattenhofer, Roger},
  booktitle={Proceedings of the 2009 International Conference on Information Processing in Sensor Networks},
  pages={37--48},
  year={2009},
  organization={IEEE Computer Society}
}

@article{Leng:TVT10,
  title={On clock synchronization algorithms for wireless sensor networks under unknown delay},
  author={Leng, Mei and Wu, Yik-Chung},
  journal={Vehicular Technology, IEEE Transactions on},
  volume={59},
  number={1},
  pages={182--190},
  year={2010},
  publisher={IEEE}
}
