@article{Gouveia:TASE15,
  title={Computation sharing in distributed robotic systems: A case study on {SLAM}},
  author={B. D. Gouveia and D. Portugal and D. C. Silva and L. Marques},
  journal=IEEE_J_ASE,
  volume={12},
  number={2},
  pages={410--422},
  year={2015},
  publisher={IEEE}
}

@article{Kehoe:TASE15,
  title={A survey of research on cloud robotics and automation},
  author={B. Kehoe and S. Patil and P. Abbeel and K. Goldberg},
  journal=IEEE_J_ASE,
  volume={12},
  number={2},
  pages={398--409},
  year={2015},
  publisher={IEEE}
}

@article{Mohanarajah:TASE15,
  title={Cloud-based collaborative {3D} mapping in real-time with low-cost robots},
  author={G. Mohanarajah and V. Usenko and M. Singh and R. D'Andrea and M. Waibel},
  journal=IEEE_J_ASE,
  volume={12},
  number={2},
  pages={423--431},
  year={2015},
  publisher={IEEE}
}

@article{Riazuelo:RAS14,
  title={{C2TAM}: A cloud framework for cooperative tracking and mapping},
  author={L. Riazuelo and J. Civera and J. M. M. Montiel},
  journal={Robotics and Autonomous Systems},
  volume={62},
  number={4},
  pages={401--413},
  year={2014},
  publisher={Elsevier}
}

@inproceedings{Wendel:CVPR12,
  title={Dense reconstruction on-the-fly},
  author={A. Wendel and M. Maurer and G. Graber andT. Pock and H. Bischof},
  booktitle=IEEE_C_CVPR,
  pages={1450--1457},
  year={2012},
  organization={IEEE}
}

@inproceedings{Arumugam:ICRA10,
  title={{DAvinCi}: A cloud computing framework for service robots},
  author={R. Arumugam and V. R. Enti and L. Bingbing and W. Xiaojun and K. Baskaran and F. F. Kong andK. D. Meng and G. W. Kit},
  booktitle=IEEE_C_ICRA,
  pages={3084--3089},
  year={2010},
  organization={IEEE}
}

