@article{oliva2013distributed,
  title={Distributed k-means algorithm},
  author={Oliva, Gabriele and Setola, Roberto and Hadjicostis, Christoforos N},
  journal={arXiv preprint arXiv:1312.4176},
  year={2013}
}

