@article{ames2017control,
  title={Control barrier function based quadratic programs for safety critical systems},
  author={Ames, Aaron D and Xu, Xiangru and Grizzle, Jessy W and Tabuada, Paulo},
  journal=IEEE_J_AC,
  volume={62},
  number={8},
  pages={3861--3876},
  year={2017},
  publisher={IEEE}
}

@inproceedings{ames2014control,
  title={Control barrier function based quadratic programs with application to adaptive cruise control},
  author={Ames, Aaron D and Grizzle, Jessy W and Tabuada, Paulo},
  booktitle=IEEE_C_CDC,
  pages={6271--6278},
  year={2014},
  organization={IEEE}
}

@article{borrmann2015control,
  title={Control barrier certificates for safe swarm behavior},
  author={Borrmann, Urs and Wang, Li and Ames, Aaron D and Egerstedt, Magnus},
  journal={IFAC-PapersOnLine},
  volume={48},
  number={27},
  pages={68--73},
  year={2015},
  publisher={Elsevier}
}

@inproceedings{Wang:ACC16,
  title={Safety Barrier Certificates for Heterogeneous Multi-Robot Systems},
  author={L. Wang and A. Ames and M. Egerstedt},
  booktitle=IEEE_C_ACC,
  year=2016
}

@article{wang2017safety,
  title={Safety Barrier certificates for collisions-free multirobot systems},
  author={Wang, Li and Ames, Aaron D and Egerstedt, Magnus},
  journal=IEEE_J_RA,
  volume={33},
  number={3},
  pages={661--674},
  year={2017},
  publisher={IEEE}
}


@inproceedings{wu2016safety,
  title={Safety-critical control of a planar quadrotor},
  author={Wu, Guofan and Sreenath, Koushil},
  booktitle=IEEE_C_ACC,
  pages={2252--2258},
  year={2016},
  organization={IEEE}
}

@inproceedings{tee2009control,
  title={Control of nonlinear systems with full state constraint using a barrier Lyapunov function},
  author={Tee, Keng Peng and Ge, Shuzhi Sam},
  booktitle=IEEE_C_CDC,
  pages={8618--8623},
  year={2009},
  organization={IEEE}
}

@article{tee2009barrier,
  title={Barrier Lyapunov functions for the control of output-constrained nonlinear systems},
  author={Tee, Keng Peng and Ge, Shuzhi Sam and Tay, Eng Hock},
  journal={Automatica},
  volume={45},
  number={4},
  pages={918--927},
  year={2009},
  publisher={Elsevier}
}

@article{ames2014rapidly,
  title={Rapidly exponentially stabilizing control lyapunov functions and hybrid zero dynamics},
  author={Ames, Aaron D and Galloway, Kevin and Sreenath, Koushil and Grizzle, Jessy W},
  journal=IEEE_J_AC,
  volume={59},
  number={4},
  pages={876--891},
  year={2014},
  publisher={IEEE}
}

@inproceedings{wu2015safety,
  title={Safety-critical and constrained geometric control synthesis using control lyapunov and control barrier functions for systems evolving on manifolds},
  author={Wu, Guofan and Sreenath, Koushil},
  booktitle=IEEE_C_ACC,
  pages={2038--2044},
  year={2015},
  organization={IEEE}
}

@article{galloway2015torque,
  title={Torque saturation in bipedal robotic walking through control Lyapunov function-based quadratic programs},
  author={Galloway, Kevin and Sreenath, Koushil and Ames, Aaron D and Grizzle, Jessy W},
  journal={IEEE Access},
  volume={3},
  pages={323--332},
  year={2015},
  publisher={IEEE}
}

@inproceedings{wang2017safe,
  title={Safe certificate-based maneuvers for teams of quadrotors using differential flatness},
  author={Wang, Li and Ames, Aaron D and Egerstedt, Magnus},
  booktitle=IEEE_C_ICRA,
  pages={3293--3298},
  year={2017},
  organization={IEEE}
}
