@article{Mathew:IFACP,
author = {Mathew, N. J. and Rao, K. K. and Sivakumaran, N.},
journal = IFAC_P,
number = {1},
pages = {654--659},
title = {Swing up and stabilization control of a rotary inverted pendulum},
volume = {10},
year = {2013}
}

@article{Guerrero:JIRSTA14,
author = {Guerrero-Castellanos, J. F. and T{\'{e}}llez-Guzm{\'{a}}n, J. J. and Durand, S. and Marchand, N. and Alvarez-Mu{\~{n}}oz, J. U. and Gonz{\'{a}}lez-D{\'{i}}az, V. R.},
title = {Attitude stabilization of a quadrotor by means of event-triggered nonlinear control},
journal = {Journal of Intelligent and Robotic Systems: Theory and Applications},
number = {1-4},
pages = {123--135},
volume = {73},
year = {2014}
}
@article{Liu:Automatica15,
author = {Liu, Tengfei and Jiang, Zhong-ping},
journal = {Automatica},
pages = {10--22},
publisher = {Elsevier},
title = {Event-based control of nonlinear systems with partial state and output feedback},
volume = {53},
year = {2015}
}

@inproceedings{Markus:CDC14,
author = {Kogel, M. and Findeisen, R.},
booktitle = IEEE_C_CDC,
title = {On self-triggered reduced-attention control for constrained systems},
year = {2014}
}

@article{Girard:TAC15,
author = {Girard, Antoine},
journal = IEEE_J_AC,
number = {7},
pages = {1992--1997},
title = {Dynamic Triggering Mechanisms for Event-Triggered Control},
volume = {60},
year = {2015}
}

@article{Durand:ACC13,
author = {Durand, Sylvain},
journal = IEEE_C_ACC,
number = {8},
pages = {152--157},
title = {Event-based stabilization of linear system with communication delays in the measurements},
year = {2013}
}

@article{Marchand:TAC13,
author = {Marchand, N and Durand, S and Castellanos, J F G},
journal = IEEE_J_AC,
number = {5},
pages = {1332--1337},
title = {A General Formula for Event-Based Stabilization of Nonlinear Systems},
volume = {58},
year = {2013}
}

@article{Abdelrahim:TAC16,
<<<<<<< HEAD
author={M. Abdelrahim and R. Postoyan and J. Daafouz and D. Ne{\v s}i{\'c}},
=======
author={M. Abdelrahim and R. Postoyan and J. Daafouz and D. Nesic},
>>>>>>> 28d5a9b142288c7d0fd3053dd8580a10bda050f2
journal=IEEE_J_AC,
title={Stabilization of Nonlinear Systems Using Event-Triggered Output Feedback Controllers},
year={2016},
volume={61},
number={9},
pages={2682-2687},
}

@article{Wang:CCA13,
author = {Wang, Jing and Geamanu, Marcel-Stefan and Cela, Arben and Mounier, Hugues and Niculescu, Silviu-Iulian},
journal = IEEE_C_CCA,
number = {1},
pages = {722--727},
title = {Event driven model free control of quadrotor},
volume = {722},
year = {2013}
}

@article{Heemels:CDC12,
author = {Heemels, W. P M H and Johansson, K. H. and Tabuada, P.},
journal = IEEE_C_CDC,
pages = {3270--3285},
title = {An introduction to event-triggered and self-triggered control},
year = {2012}
}

@inproceedings{Guerrero:ICUAS13,
  title={Event-triggered nonlinear control for attitude stabilization of a quadrotor},
  author={Guerrero-Castellanos, J. F. and T{\'e}llez-Guzm{\'a}n, J. J. and Durand, S. and Marchand, N. and Alvarez-Munoz, J.U.},
  booktitle={International Conference on Unmanned Aircraft Systems},
  pages={584--591},
  year={2013},
  organization={IEEE}
}
