@article{shashua2017deep,
  title={Deep robust kalman filter},
  author={Shashua, Shirli Di-Castro and Mannor, Shie},
  journal={arXiv preprint arXiv:1703.02310},
  year={2017}
}

@article{helwa2019provably,
  title={Provably Robust Learning-Based Approach for High-Accuracy Tracking Control of Lagrangian Systems},
  author={Helwa, Mohamed K and Heins, Adam and Schoellig, Angela P},
  journal={IEEE Robotics and Automation Letters},
  volume={4},
  number={2},
  pages={1587--1594},
  year={2019},
  publisher={IEEE}
}

@inproceedings{wang2018safe,
  title={Safe learning of quadrotor dynamics using barrier certificates},
  author={Wang, Li and Theodorou, Evangelos A and Egerstedt, Magnus},
  booktitle=IEEE_C_ICRA,
  pages={2460--2465},
  year={2018},
  organization={IEEE}
}

@inproceedings{hoffmann2009biologically,
  title={Biologically-inspired dynamical systems for movement generation: automatic real-time goal adaptation and obstacle avoidance},
  author={Hoffmann, Heiko and Pastor, Peter and Park, Dae-Hyung and Schaal, Stefan},
  booktitle=IEEE_C_ICRA,
  pages={2587--2592},
  year={2009},
}

@inproceedings{ijspeert2003learning,
  title={Learning attractor landscapes for learning motor primitives},
  author={Ijspeert, Auke J and Nakanishi, Jun and Schaal, Stefan},
  booktitle=NIPS,
  pages={1547--1554},
  year={2003}
}

@article{kronander2016passive,
  title={Passive interaction control with dynamical systems},
  author={Kronander, Klas and Billard, Aude},
  journal=IEEE_J_RAL,
  volume={1},
  number={1},
  pages={106--113},
  year={2016},
}

@article{ravanbakhsh2018learning,
  title={Learning Control Lyapunov Functions from Counterexamples and Demonstrations},
  author={Ravanbakhsh, Hadi and Sankaranarayanan, Sriram},
  journal={arXiv preprint arXiv:1804.05285},
  year={2018}
}

@article{khansari2017learning,
  title={Learning potential functions from human demonstrations with encapsulated dynamic and compliant behaviors},
  author={Khansari-Zadeh, Seyed Mohammad and Khatib, Oussama},
  journal=AR,
  volume={41},
  number={1},
  pages={45--69},
  year={2017},
  publisher={Springer}
}
