@article{Friedland:TAC69,
  title={Treatment of bias in recursive filtering},
  author={B. Friedland},
  journal=IEEE_J_AC,
  volume={14},
  number={4},
  pages={359--367},
  year={1969},
  publisher={IEEE}
}

@article{Hou:Automatica98,
  title={Input observability and input reconstruction},
  author={M. Hou and R. J. Patton},
  journal={Automatica},
  volume={34},
  number={6},
  pages={789--794},
  year={1998},
  publisher={Elsevier}
}

@inproceedings{Bacs:CDC99,
  title={Design of optimal gains for the proportional integral Kalman filter with application to single particle tracking},
  author={O. Y. Ba{\c{s}} and B. Shafai and S. P. Linder},
  booktitle=IEEE_C_CDC,
  volume={5},
  pages={4567--4571},
  year={1999},
  organization={IEEE}
}
