@book{khalil:book02,
  title={Nonlinear systems},
  author={H. K. Khalil},
  volume={3},
  year={2002},
  publisher={Prentice hall {U}pper {S}addle {R}iver}
}

@article{Koditschek:book89,
  title={The application of total energy as a Lyapunov function for mechanical control systems},
  author={Koditschek, Daniel E and others},
  journal={Dynamics and control of multibody systems},
  volume=97,
  pages={131--157},
  year=1989,
}

@article{Hermann:TAC77,
  title={Nonlinear controllability and observability},
  author={R. Hermann and A. J. Krener},
  journal=IEEE_J_AC,
  volume={22},
  number={5},
  pages={728--740},
  year={1977}
}

@book{Isidori:book95,
  title={Nonlinear control systems},
  author={A. Isidori},
  year={1995},
  publisher={Springer Science \& Business Media}
}

@inproceedings{Kong:CDC13,
  title={Optical flow sensing and the inverse perception problem for flying bats},
  author={Z. Kong and K. Ozcimder and N. Fuller and A. Greco and D. Theriault and Z. Wu and T. Kunz and M. Betke and J. Baillieul},
  booktitle=IEEE_C_CDC,
  pages={1608--1615},
  year={2013},
  organization={IEEE}
}

@INPROCEEDINGS{Isidori:CDC86,
author={A. Isidori and C. H. Moog and A. D. Luca},
booktitle=IEEE_C_CDC,
title={A sufficient condition for full linearization via dynamic state feedback},
year={1986},
pages={203-208},
}

@article{Fliess:IJC95,
  title={Flatness and defect of non-linear systems: introductory theory and examples},
  author={M. Fliess and J. L{\'e}vine and P. Martin and P. Rouchon},
  journal={International Journal of Control},
  volume={61},
  number={6},
  pages={1327--1361},
  year={1995},
  publisher={Taylor \& Francis}
}

@book{Sanfelice:book12,
	title = {Hybrid Dynamical Systems: Modeling, Stability, and Robustness},
	year = 2012,
	publisher = {Princeton University Press},
	address = {New Jersey},
	keywords = {hybrid systems},
	author = {R. Goebel and R. G. Sanfelice and A. R. Teel}
}

@book{omidvar1997neural,
  title={Neural systems for control},
  author={Omidvar, Omid and Elliott, David L},
  year={1997},
  publisher={Elsevier}
}

@article{hagan2002introduction,
  title={An introduction to the use of neural networks in control systems},
  author={Hagan, Martin T and Demuth, Howard B and Jes{\'u}s, Orlando De},
  journal=WILEY_J_RNC,
  volume={12},
  number={11},
  pages={959--985},
  year={2002},
  publisher={Wiley Online Library}
}

@article{kober2013reinforcement,
  title={Reinforcement learning in robotics: A survey},
  author={Kober, Jens and Bagnell, J Andrew and Peters, Jan},
  journal=IJRR,
  volume={32},
  number={11},
  pages={1238--1274},
  year={2013},
  publisher={SAGE Publications Sage UK: London, England}
}

@book{goebel2012hybrid,
  title={Hybrid Dynamical Systems: modeling, stability, and robustness},
  author={Goebel, Rafal and Sanfelice, Ricardo G and Teel, Andrew R},
  year={2012},
  publisher={Princeton University Press}
}

@article{argall2009survey,
  title={A survey of robot learning from demonstration},
  author={Argall, Brenna D and Chernova, Sonia and Veloso, Manuela and Browning, Brett},
  journal=RAS,
  volume={57},
  number={5},
  pages={469--483},
  year={2009},
  publisher={Elsevier}
}

@article{Deng:SCL00,
  title={Output-feedback stabilization of stochastic nonlinear systems driven by noise of unknown covariance},
  author={Deng, Hua and Krsti{\'c}, Miroslav},
  journal=SCL,
  volume={39},
  number={3},
  pages={173--182},
  year={2000},
  publisher={Elsevier}
}

@inproceedings{Buehler:ACC16,
  title={Lyapunov-based stochastic nonlinear model predictive control: Shaping the state probability distribution functions},
  author={Buehler, Edward A and Paulson, Joel A and Mesbah, Ali},
  booktitle=IEEE_C_ACC,
  pages={5389--5394},
  year={2016},
}
