@article{freeman1996inverse,
  title={Inverse optimality in robust stabilization},
  author={Freeman, Randy A and Kokotovic, PV},
  journal={SIAM journal on control and optimization},
  volume=34,
  number=4,
  pages={1365--1391},
  year=1996,
  publisher={SIAM}
}

@book{sepulchre2012constructive,
  title={Constructive nonlinear control},
  author={Sepulchre, Rodolphe and Jankovic, Mrdjan and Kokotovic, Petar V},
  year={2012},
  publisher={Springer Science \& Business Media}
}

@article{curtis2004satisficing,
  title={Satisficing: A new approach to constructive nonlinear control},
  author={Curtis, J Willard and Beard, Randal W},
  journal={IEEE Transactions on Automatic Control},
  volume={49},
  number={7},
  pages={1090--1102},
  year={2004},
  publisher={IEEE}
}
