@inproceedings{Liang:BLWNIPS13,
  title={Distributed {PCA} and k-means clustering},
  author={Y. Liang and M.-F. Balcan and V. Kanchanapally},
  booktitle={The Big Learning Workshop at {NIPS}},
  year={2013},
}

@article{Kannan:CoRR13,
  title={Nimble algorithms for cloud computing},
  author={R. Kannan and S. Vempala and D. P. Woodruff},
  journal={CoRR, vol. abs/1304.3162},
  year={2013}
}

@inproceedings{Balcan:NIPS13,
  title={Distributed $ k $-means and $ k $-median Clustering on General Topologies},
  author={M.-F. F. Balcan and S. Ehrlich and Y. Liang},
  booktitle=NIPS,
  pages={1995--2003},
  year=2013
}

@inproceedings{Zhang:ICDE08,
  title={Approximate clustering on distributed data streams},
  author={Q. Zhang and J. Liu and W. Wang},
  booktitle={{IEEE} International Conference on Data Engineering},
  pages={1131--1139},
  year={2008},
}

@article{Mavroeidis:KDD12,
 author = {D. Mavroeidis and P. Magdalinos},
 title = {A Sequential Sampling Framework for Spectral k-Means Based on Efficient Bootstrap Accuracy Estimations: Application to Distributed Clustering},
 journal = ACM_J_KDD,
 volume = {6},
 number = {2},
 year = {2012},
 pages = {5:1--5:37},
 publisher = {ACM},
} 

