@inproceedings{Olson:RSS05,
  title={{S}ingle-Cluster Spectral Graph Partitioning for Robotics Applications.},
  author={E. Olson and M. Walter and S. J. Teller and J. J. Leonard},
  booktitle=RSS,
  pages={265--272},
  year={2005}
}

@article{Montijano:TRO13,
  title={Distributed data association in robotic networks with cameras and limited communications},
  author={E. Montijano and R. Aragues and C. Sagues},
  journal=IEEE_J_RA,
  volume={29},
  number={6},
  pages={1408--1423},
  year={2013},
  publisher={IEEE}
}

@article{Neira:TRO01,
  title={Data association in stochastic mapping using the joint compatibility test},
  author={J. Neira and J. D. Tard{\'o}s},
  journal=IEEE_J_RO,
  volume={17},
  number={6},
  pages={890--897},
  year={2001},
  publisher={IEEE}
}
