@article{zhou2017monocap,
  title={{MonoCap}: Monocular Human Motion Capture using a {CNN} Coupled with a Geometric Prior},
  author={Zhou, Xiaowei and Zhu, Menglong and Pavlakos, Georgios and Leonardos, Spyridon and Derpanis, Kostantinos G and Daniilidis, Kostas},
  journal={ar{X}iv preprint ar{X}iv:1701.02354},
  year={2017}
}

@inproceedings{li20143d,
  title={3d human pose estimation from monocular images with deep convolutional neural network},
  author={Li, Sijin and Chan, Antoni B},
  booktitle=ACCV,
  pages={332--347},
  year={2014},
  organization={Springer}
}

@inproceedings{li2015maximum,
  title={Maximum-margin structured learning with deep networks for 3d human pose estimation},
  author={Li, Sijin and Zhang, Weichen and Chan, Antoni B},
  booktitle=IEEE_C_ICCV,
  pages={2848--2856},
  year={2015}
}

@inproceedings{tekin2016direct,
  title={Direct prediction of 3D body poses from motion compensated sequences},
  author={Tekin, Bugra and Rozantsev, Artem and Lepetit, Vincent and Fua, Pascal},
  booktitle=IEEE_C_CVPR,
  pages={991--1000},
  year={2016}
}

@inproceedings{du2016marker,
  title={Marker-less 3D human motion capture with monocular image sequence and height-maps},
  author={Du, Yu and Wong, Yongkang and Liu, Yonghao and Han, Feilin and Gui, Yilin and Wang, Zhen and Kankanhalli, Mohan and Geng, Weidong},
  booktitle=IEEE_C_ECCV,
  pages={20--36},
  year={2016},
  organization={Springer}
}

@inproceedings{park20163d,
  title={3D human pose estimation using convolutional neural networks with 2D pose information},
  author={Park, Sungheon and Hwang, Jihye and Kwak, Nojun},
  booktitle={Workshops of the {IEEE} European Conference on Computer Vision},
  pages={156--169},
  year={2016},
  organization={Springer}
}

@article{sigal2010humaneva,
  title={Humaneva: Synchronized video and motion capture dataset and baseline algorithm for evaluation of articulated human motion},
  author={Sigal, Leonid and Balan, Alexandru O and Black, Michael J},
  journal=IJCV,
  volume={87},
  number={1},
  pages={4--27},
  year={2010},
  publisher={Springer}
}

@article{ionescu2014human3,
  title={Human3.6m: Large scale datasets and predictive methods for 3d human sensing in natural environments},
  author={Ionescu, Catalin and Papava, Dragos and Olaru, Vlad and Sminchisescu, Cristian},
  journal=IEEE_J_PAMI,
  volume={36},
  number={7},
  pages={1325--1339},
  year={2014},
  publisher={IEEE}
}

@article{de2008guide,
  title={Guide to the {C}arnegie {M}ellon {U}niversity multimodal activity ({CMU-MMAC}) database},
  author={De la Torre, Fernando and Hodgins, Jessica and Bargteil, Adam and Martin, Xavier and Macey, Justin and Collado, Alex and Beltran, Pep},
  journal={Robotics Institute Technical Report},
  pages={135},
  year={2008}
}

@inproceedings{zhou2016sparseness,
  title={Sparseness meets deepness: {3D} human pose estimation from monocular video},
  author={Zhou, Xiaowei and Zhu, Menglong and Leonardos, Spyridon and Derpanis, Konstantinos G and Daniilidis, Kostas},
  booktitle=IEEE_C_CVPR,
  pages={4966--4975},
  year={2016}
}

@inproceedings{pfister2015flowing,
  title={Flowing convnets for human pose estimation in videos},
  author={Pfister, Tomas and Charles, James and Zisserman, Andrew},
  booktitle=IEEE_C_ICCV,
  pages={1913--1921},
  year={2015}
}
