@article{xia2016output,
  title={Output-feedback synchronizability of linear time-invariant systems},
  author={Xia, Tian and Scardovi, Luca},
  journal=SCL,
  volume={94},
  pages={152--158},
  year={2016},
  publisher={Elsevier}
}

@inproceedings{xia2016synchronization,
  title={Synchronization of linear time-invariant systems on rooted graphs},
  author={Xia, Tian and Scardovi, Luca},
  booktitle=IEEE_C_CDC,
  pages={4376--4381},
  year={2016},
}

@phdthesis{dal2016distributed,
  title={On distributed control analysis and design for Multi-Agent systems subject to limited information},
  author={Dal Col, Laura},
  year={2016},
  school={{INSA} de Toulouse}
}

@phdthesis{xia2018synchronization,
  title={Synchronization in Networks of Linear Time-Invariant Systems},
  author={Xia, Tian},
  year={2018},
  school={University of Toronto}
}
