@inproceedings{Ratnasamy:SIGCOMM01,
 author = {S. Ratnasamy and P. Francis and M. Handley and R. Karp and S. Shenker},
 title = {A Scalable Content-addressable Network},
 booktitle = {{ACM} {SIGCOMM}Conference on Applications, Technologies, Architectures, and Protocols for Computer Communications},
 year = {2001},
 pages = {161--172},
} 

@article{Balakrishnan:CommACM03,
  title={Looking up data in {P2P} systems},
  author={H. Balakrishnan and M. F. Kaashoek and D. Karger and R. Morris and I. Stoica},
  journal=ACM_COMM,
  volume={46},
  number={2},
  pages={43--48},
  year={2003},
  publisher={ACM}
}

@inproceedings{Rowstron:Middleware01,
  title={Pastry: Scalable, decentralized object location, and routing for large-scale peer-to-peer systems},
  author={A. Rowstron and P. Druschel},
  booktitle={Middleware 2001},
  pages={329--350},
  year={2001},
  organization={Springer}
}

@article{Stoica:SIGCOMM01,
  title={Chord: A scalable peer-to-peer lookup service for internet applications},
  author={I. Stoica and R. Morris and D. Karger and M. F. Kaashoek and H. Balakrishnan},
  journal={{ACM SIGCOMM} Computer Communication Review},
  volume={31},
  number={4},
  pages={149--160},
  year={2001},
  publisher={ACM}
}
