@inproceedings{olfati2007distributed,
  title={Distributed Kalman filtering for sensor networks},
  author={Olfati-Saber, Reza},
  booktitle=IEEE_C_CDC,
  pages={5492--5498},
  year=2007,
}

@inproceedings{olfati2005consensus,
  title={Consensus filters for sensor networks and distributed sensor fusion},
  author={Olfati-Saber, Reza and Shamma, Jeff S},
  booktitle=IEEE_C_CDC,
  pages={6698--6703},
  year={2005},
}

@inproceedings{olfati2005distributed,
  title={Distributed Kalman filter with embedded consensus filters},
  author={Olfati-Saber, Reza},
  booktitle= IEEE_C_CDC_ECC,
  pages={8179--8184},
  year={2005},
  organization={IEEE}
}

@inproceedings{olfati2009kalman,
  title={Kalman-consensus filter: Optimality, stability, and performance},
  author={Olfati-Saber, Reza},
  booktitle=IEEE_C_CDC,
  pages={7036--7042},
  year={2009},
}

@inproceedings{olfati2008distributed,
  title={Distributed tracking in sensor networks with limited sensing range},
  author={Olfati-Saber, Reza and Sandell, Nils F},
  booktitle=IEEE_C_ACC,
  pages={3157--3162},
  year=2008,
  organization={IEEE},
  notes={Target visible only to few}
}

@inproceedings{casbeer2009distributed,
  title={Distributed information filtering using consensus filters},
  author={Casbeer, David W and Beard, Randy},
  booktitle=IEEE_C_ACC,
  pages={1882--1887},
  year={2009},
  organization={IEEE}
}

@article{cattivelli2010diffusion,
  title={Diffusion strategies for distributed Kalman filtering and smoothing},
  author={Cattivelli, Federico S and Sayed, Ali H},
  journal=IEEE_J_AC,
  volume={55},
  number={9},
  pages={2069--2084},
  year={2010},
  publisher={IEEE},
  notes={Runs Kalman filters on local neighborhood, and uses separate diffusion step for final estimates}
}

@article{cattivelli2010diffusionLMS,
  title={Diffusion {LMS} strategies for distributed estimation},
  author={Cattivelli, Federico S and Sayed, Ali H},
  journal=IEEE_J_SP,
  volume={58},
  number={3},
  pages={1035--1048},
  year={2010},
  publisher={IEEE}
}

@article{hu2012diffusion,
  title={Diffusion {K}alman filtering based on covariance intersection},
  author={Hu, Jinwen and Xie, Lihua and Zhang, Cishen},
  journal=IEEE_J_SP,
  volume={60},
  number={2},
  pages={891--902},
  year={2012},
  publisher={IEEE}
}

@article{mahmoud2013distributed,
  title={Distributed {K}alman filtering: a bibliographic review},
  author={Mahmoud, Magdi S and Khalid, Haris M},
  journal={IET Control Theory \& Applications},
  volume={7},
  number={4},
  pages={483--501},
  year={2013},
  publisher={IET}
}

@article{matei2012consensus,
  title={Consensus-based linear distributed filtering},
  author={Matei, Ion and Baras, John S},
  journal={Automatica},
  volume={48},
  number={8},
  pages={1776--1782},
  year={2012},
  publisher={Elsevier}
}

@article{battistelli2015consensus,
  title={Consensus-based linear and nonlinear filtering},
  author={Battistelli, Giorgio and Chisci, Luigi and Mugnai, Giovanni and Farina, Alfonso and Graziano, Antonio},
  journal={IEEE Transactions on Automatic Control},
  volume={60},
  number={5},
  pages={1410--1415},
  year={2015},
  publisher={IEEE}
}

@article{carli2008distributed,
  title={Distributed Kalman filtering based on consensus strategies},
  author={Carli, Ruggero and Chiuso, Alessandro and Schenato, Luca and Zampieri, Sandro},
  journal={IEEE Journal on Selected Areas in Communications},
  volume={26},
  number={4},
  year={2008},
  publisher={IEEE}
}
