@ARTICLE{Kamal:PAMI16,
author={A. T. Kamal and J. H. Bappy and J. A. Farrell and A. K. Roy-Chowdhury},
journal={IEEE Transactions on Pattern Analysis and Machine Intelligence},
title={Distributed Multi-Target Tracking and Data Association in Vision Networks},
year={2016},
volume={38},
number={7},
pages={1397-1410},
}

@ARTICLE{Chakraborty:PAMI15,
author={A. Chakraborty and A. Das and A. Roy-Chowdhury},
journal={IEEE Transactions on Pattern Analysis and Machine Intelligence},
title={Network Consistent Data Association},
year={2015},
volume={PP},
number={99},
pages={1-1},
keywords={Accuracy;Cameras;Image segmentation;Linear programming;Optimization;Target tracking;Three-dimensional displays;Data association;Integer program;Network consistency;Person Re-identification;Spatio-temporal cell tracking},
doi={10.1109/TPAMI.2015.2491922},
ISSN={0162-8828},
month={},}

@article{song2011distributed,
  title={Distributed camera networks},
  author={Song, Bi and Ding, Chong and Kamal, Ahmed T and Farrell, Jay A and Roy-Chowdhury, Amit K},
  journal=IEEE_M_SP,
  volume={28},
  number={3},
  pages={20--31},
  year={2011},
  publisher={IEEE}
}

@article{song2010tracking,
  title={Tracking and activity recognition through consensus in distributed camera networks},
  author={Song, Bi and Kamal, Ahmed T and Soto, Cristian and Ding, Chong and Farrell, Jay A and Roy-Chowdhury, Amit K},
  journal=IEEE_J_IP,
  volume={19},
  number={10},
  pages={2564--2579},
  year={2010},
  publisher={IEEE}
}
