@inproceedings{Zargham:ACC11,
  title={Accelerated dual descent for network optimization},
  author={M. Zargham and A. Ribeiro and A. Ozdaglar and A. Jadbabaie},
  booktitle=IEEE_C_ACC,
  pages={2663--2668},
  year={2011},
}

@article{chatzipanagiotis2017convergence,
  title={On the Convergence of a Distributed Augmented {L}agrangian Method for Nonconvex Optimization},
  author={Chatzipanagiotis, Nikolaos and Zavlanos, Michael M},
  journal=IEEE_J_AC,
  volume={62},
  number={9},
  pages={4405--4420},
  year={2017},
  publisher={IEEE}
}
