@incollection{Barranco:ACI15,
  title={Bio-inspired Motion Estimation with Event-Driven Sensors},
  author={F. Barranco and C. Fermuller and Y. Aloimonos},
  booktitle={Advances in Computational Intelligence},
  pages={309--321},
  year={2015},
  publisher={Springer}
}

@INPROCEEDINGS{Censi:ICRA15,
author={A. Censi and E. Mueller and E. Frazzoli and S. Soatto},
booktitle=IEEE_C_ICRA,
title={A Power-Performance Approach to Comparing Sensor Families, with application to comparing neuromorphic to traditional vision sensors},
year={2015},
pages={3319-3326},
}

@inproceedings{Bardow:CVPR16,
  title={Simultaneous Optical Flow and Intensity Estimation From an Event Camera},
  author={P. Bardow and A. J. Davison and S. Leutenegger},
  booktitle=IEEE_C_CVPR,
  pages={884--892},
  year={2016}
}

@incollection{Mahowald:chapter94,
  title={The silicon retina},
  author={M. Mahowald},
  booktitle={An Analog {VLSI} System for Stereoscopic Vision},
  pages={4--65},
  year={1994},
  publisher={Springer}
}

@article{Lichtsteiner:JSSC08,
  title={A 128$\times$ 128 120 dB 15 $\mu$s latency asynchronous temporal contrast vision sensor},
  author={P. Lichtsteiner and C. Posch and T. Delbruck},
  journal=IEEE_J_JSSC,
  volume=43,
  number=2,
  pages={566--576},
  year=2008,
  publisher={IEEE}
}
