
@article{Kanatani,
 author = {Kanatani, Kenichi and Liu, Wu},
 title = {{3D} Interpretation of Conics and Orthogonality},
 journal = {CVGIP: Image Understanding},
 volume = {58},
 number = {3},
 year = {1993},
 pages = {286--301},
 numpages = {16},
 publisher = {Academic Press, Inc.},
} 