@article{Haeffele:ArXiv15,
  title={Global optimality in tensor factorization, deep learning, and beyond},
  author={B. D. Haeffele and R. Vidal},
  journal={arXiv},
  pages={1506.07540},
  year={2015}
}

@inproceedings{Haeffele:ICML14,
  title={Structured low-rank matrix factorization: Optimality, algorithm, and applications to image processing},
  author={B. Haeffele and E. Young and R. Vidal},
  booktitle=ICML,
  pages={2007--2015},
  year={2014}
}

@inproceedings{Cabral:ICCV13,
  title={Unifying nuclear norm and bilinear factorization approaches for low-rank matrix decomposition},
  author={R. Cabral and F. De la Torre and J. P. Costeira and A. Bernardino},
  booktitle=IEEE_C_ICCV,
  pages={2488--2495},
  year={2013},
}

@incollection{Larsson:ECCV14,
  title={Rank minimization with structured data patterns},
  author={V. Larsson and C. Olsson and E. Bylow and F. Kahl},
  booktitle=IEEE_C_ECCV,
  pages={250--265},
  year={2014},
  publisher={Springer}
}

@article{boumal2015low,
  title={Low-rank matrix completion via preconditioned optimization on the Grassmann manifold},
  author={Boumal, Nicolas and Absil, P-A},
  journal={Linear Algebra and its Applications},
  volume={475},
  pages={200--239},
  year={2015},
  publisher={North-Holland}
}

@article{lin2010augmented,
  title={The augmented lagrange multiplier method for exact recovery of corrupted low-rank matrices},
  author={Lin, Zhouchen and Chen, Minming and Ma, Yi},
  journal={arXiv preprint arXiv:1009.5055},
  year={2010}
}

@article{candes2010matrix,
  title={Matrix completion with noise},
  author={Candes, Emmanuel J and Plan, Yaniv},
  journal=IEEE_J_PROC,
  volume={98},
  number={6},
  pages={925--936},
  year={2010},
  publisher={IEEE}
}

@article{candes2011robust,
  title={Robust principal component analysis?},
  author={Cand{\`e}s, Emmanuel J and Li, Xiaodong and Ma, Yi and Wright, John},
  journal={Journal of the ACM},
  volume={58},
  number={3},
  pages={11},
  year={2011},
  publisher={ACM}
}

@inproceedings{lin2011linearized,
  title={Linearized alternating direction method with adaptive penalty for low-rank representation},
  author={Lin, Zhouchen and Liu, Risheng and Su, Zhixun},
  booktitle=NIPS,
  pages={612--620},
  year={2011}
}

@inproceedings{favaro2011closed,
  title={A closed form solution to robust subspace estimation and clustering},
  author={Favaro, Paolo and Vidal, Ren{\'e} and Ravichandran, Avinash},
  booktitle=IEEE_C_CVPR,
  pages={1801--1807},
  year={2011},
  organization={IEEE}
}

@article{chen2013low,
  title={Low-rank matrix recovery from errors and erasures},
  author={Chen, Yudong and Jalali, Ali and Sanghavi, Sujay and Caramanis, Constantine},
  journal=IEEE_J_IT,
  volume={59},
  number={7},
  pages={4324--4337},
  year={2013},
  publisher={IEEE}
}

@article{candes2010power,
  title={The power of convex relaxation: Near-optimal matrix completion},
  author={Cand{\`e}s, Emmanuel J and Tao, Terence},
  journal=IEEE_J_IT,
  volume={56},
  number={5},
  pages={2053--2080},
  year={2010},
  publisher={IEEE}
}
