@article{Kalman:JBE60,
  title={A new approach to linear filtering and prediction problems},
  author={Kalman, R. E.},
  journal={Journal of basic Engineering},
  volume={82},
  number={1},
  pages={35--45},
  year={1960}
}

@article{Kalman:JBE61,
  title={New results in linear filtering and prediction theory},
  author={Kalman, R. E. and Bucy, R. S.},
  journal={Journal of basic engineering},
  volume={83},
  number={3},
  pages={95--108},
  year={1961}
}

@article{Roweis:NC99,
  title={A unifying review of linear {G}aussian models},
  author={Roweis, S. and Ghahramani, Z.},
  journal={Neural computation},
  volume={11},
  number={2},
  pages={305--345},
  year={1999},
  publisher={MIT Press}
}

@article{Julier:Proc04,
author={S. J. Julier and J. K. Uhlmann},
journal=IEEE_J_PROC,
title={Unscented filtering and nonlinear estimation},
year={2004},
volume={92},
number={3},
pages={401-422},
}

@inproceedings{Julier:ACC02,
  title={The scaled unscented transformation},
  author={Julier, Simon J},
  booktitle=IEEE_C_ACC,
  volume={6},
  pages={4555--4559},
  year={2002},
}

@article{Julier:TAC00,
  title={A new method for the nonlinear transformation of means and covariances in filters and estimators},
  author={Julier, Simon and Uhlmann, Jeffrey and Durrant-Whyte, Hugh F},
  journal=IEEE_J_AC,
  volume={45},
  number={3},
  pages={477--482},
  year={2000},
  publisher={IEEE}
}

