@article{SpecialIssue:CSM16,
  title={Special Issue on Distributed Control and Estimation of Robotic Vehicle Networks},
  author={{IEEE Control System Society}},
  journal=IEEE_M_CS,
  volume=2,
  year=2016
}

@inproceedings{Vasile:ECC15,
  title={$SE(N)$ Invariance in Networked Systems},
  author={C.-I. Vasile and M. Schwager and C. Belta},
  booktitle=IEEE_C_ECC,
  year={2015}
}

@article{vasile2017translational,
  title={Translational and Rotational Invariance in Networked Dynamical Systems},
  author={Vasile, Cristian and Schwager, Mac and Belta, Calin},
  journal=IEEE_J_CNS,
  year={2017},
  publisher={IEEE}
}


@INPROCEEDINGS{Nettleman:ICRA15,
author={A. Nettleman and B. Goodwine},
booktitle=IEEE_C_ICRA,
title={Symmetries and reduction for multi-agent control},
year={2015},
pages={5390-5396},
}

@inproceedings{Zelazo:CDC15,
  title={Bearing-Only Formation Control Using an ${SE(2)}$ Rigidity Theory},
  author={D. Zelazo and P. R. Giordano and A. Franchi},
  booktitle=IEEE_C_CDC,
  year=2015
}

@inproceedings{Zhang:ICRA03,
author={F. Zhang and M. Goldgeier and P. S. Krishnaprasad},
booktitle=IEEE_C_ICRA,
title={Control of small formations using shape coordinates},
year={2003},
volume={2},
pages={2510--2515},
}

@inproceedings{Montijano:ACC14,
  title={Distributed formation control without a global reference frame},
  author={E. Montijano and D. Zhou and M. Schwager and C. Sagues},
  booktitle=IEEE_C_ACC,
  pages={3862--3867},
  year={2014},
}

@inproceedings{Zhao:IACAS15,
  title={Bearing-Constrained Formation Control Using Bearing Measurements},
  author={S. Zhao and D. Zelazo},
  booktitle={Israel Annual Conference on Aerospace Sciences},
  year={2015}
}

@inproceedings{Zhao:ECC15,
  title={Bearing-Based Distributed Control and Estimation in Networks of Agents},
  author={S. Zhao and D. Zelazo},
  booktitle=IEEE_C_ECC,
  year={2015}
}

@article{Ihle:Automatica07,
  title={Passivity-based designs for synchronized path-following},
  author={I.-A. F. Ihle and M. Arcak and T. I. Fossen},
  journal={Automatica},
  volume={43},
  number={9},
  pages={1508--1518},
  year={2007},
}

@incollection{Chopra:ARC06,
  title={Passivity-based control of multi-agent systems},
  author={N. Chopra and M. W. Spong},
  booktitle={Advances in robot control},
  pages={107--134},
  year={2006},
  publisher={Springer}
}

@inproceedings{Stacey:ECC13,
  title={A bondgraph approach to formation control using relative state measurements},
  author={G. Stacey and R. Mahony and P. Corke},
  booktitle=IEEE_C_ECC,
  pages={1262--1267},
  year={2013},
}

@article{Chung:JGCD09,
  title={Application of Synchronization to Formation Flying Spacecraft: Lagrangian Approach},
  author={S.-J. Chung and U. Ahsun and J.-J. E. Slotine},
  journal= JGCD,
  volume={32},
  number={2},
  pages={512--526},
  year={2009}
}

@article{Oh:Automatica15,
  title={A survey of multi-agent formation control},
  author={K.-K. Oh and M.-C. Park and H.-S. Ahn},
  journal={Automatica},
  volume={53},
  pages={424--440},
  year={2015},
  publisher={Elsevier}
}

@article{Wang:JRS91,
  title={Navigation strategies for multiple autonomous mobile robots moving in formation},
  author={P. K. C. Wang},
  journal={Journal of Robotic Systems},
  volume={8},
  number={2},
  pages={177--195},
  year={1991},
  publisher={Wiley}
}

@inproceedings{Chen:ICRA94,
  title={Coordination and control of a group of small mobile robots},
  author={Q. Chen and J. Y. S. Luh},
  booktitle= IEEE_C_ICRA,
  pages={2315--2320},
  year={1994},
}

@article{Fax:TAC04,
  title={Information flow and cooperative control of vehicle formations},
  author={J. A. Fax and R. M. Murray},
  journal = IEEE_J_AC,
  volume={49},
  number={9},
  pages={1465--1476},
  year={2004},
}

@article{Portugal:Nature14,
	Author = {S. J. Portugal and T. Y. Hubel and J. Fritz and S. Heese and D. Trobe and B. Voelkl and S. Hailes and A. M. Wilson and J. R. Usherwood},
	Journal = {Nature},
	Number = {7483},
	Pages = {399--402},
	Publisher = {Nature Publishing Group},
	Title = {Upwash exploitation and downwash avoidance by flap phasing in ibis formation flight},
	Volume = {505},
	Year = {2014},
}

@article{Mahony:RAM12,
  author = {R. E. Mahony and V. Kumar and P. Corke},
  journal = IEEE_M_RA,
  number = 3,
  pages = {20-32},
  title = {Multirotor Aerial Vehicles: Modeling, Estimation, and Control of Quadrotor.},
  volume = 19,
  year = 2012
}


@inproceedings{Bristow:AIAA00,
  title={A formation flying technology vision},
  author={J. Bristow and D. Folta and K. Hartman},
  booktitle={AIAA Space 2000 Conference and Exposition},
  volume=21,
  year=2000
}

@book{Mesbahi:book10,
  title={Graph theoretic methods in multiagent networks},
  author={M. Mesbahi and M. Egerstedt},
  year={2010},
  publisher={Princeton University Press}
}

@article{Michael:AR11,
  title={Cooperative manipulation and transportation with aerial robots},
  author={N. Michael and J. Fink and V. Kumar},
  journal= AR,
  volume={30},
  number={1},
  pages={73--86},
  year={2011},
}

@article{Anderson:CSM08,
  title={Rigid graph control architectures for autonomous formations},
  author={B. D. O. Anderson and C. Yu and B. Fidan and J. Hendrickx},
  journal=IEEE_M_CS,
  volume={28},
  number={6},
  pages={48--63},
  year={2008},
}

@inproceedings{Chen:IROS05,
  title={Formation control: a review and a new consideration},
  author={Y. Q. Chen and Z. Wang},
  booktitle=IEEE_C_IROS,
  pages={3181--3186},
  year={2005},
}


@inproceedings{Lindsey:RSS2011,
  title={Construction of Cubic Structures with Quadrotor Teams},
  author={Q. Lindsey and D. Mellinger and V. Kumar},
  booktitle=RSS,
  year={2011},
}

@inproceedings{Anderson:RALC08,
  title={UAV formation Control: Theory and Application},
  author={B. D. O. Anderson and B. Fidan and C. Yu and D. van der Walle},
  booktitle={Recent Advance in Learning and Control},
  series={Lectures Notes in Control and Information Sciences},
  volume={371},
  pages={15--34},
  year={2008},
  editor={Springer}
}

@inproceedings{Spletzer:IROS01,
  title={Cooperative localization and control for multi-robot manipulation},
  author={J. Spletzer and A. K. Das and R. Fierro and C. J. Taylor and V. Kumar and J. P. Ostrowski},
  booktitle=IEEE_C_IROS,
  pages={631--636},
  year={2001},
}


@inproceedings{Das:TRA02,
  title={A Vision-Based Formation Control Framework},
  author={A. K. Das and R. Fierro and V. Kumar and J. P. Ostrowski, J. Spletzer and C. J. Taylor},
  booktitle=IEEE_J_RA,
  volume={5},
  pages={813--825},
  year={2002},
}

@inproceedings{Zelazo:RSS12,
  title={Rigidity Maintenance Control for Multi-Robot Systems},
  author={D. Zelazo and A. Franchi and F. Allg\"over and H. H. B\"ulthoff and P. Robuffo Giordano},
  booktitle=RSS,
  year={2012},
}

@article{Servatius:JDM99,
  title={Constraining plane configurations in computer-aided design: Combinatorics of directions and lengths},
  author={B. Servatius and W. Whiteley},
  journal=SIAM_J_DM,
  volume={12},
  number={1},
  pages={136--153},
  year={1999},
}

@inproceedings{Bishop:CDC11,
  title={Stabilization of rigid formations with direction-only constraints},
  author={A. N. Bishop and I. Shames and B. Anderson},
  booktitle=IEEE_C_CDC,
  pages={746--752},
  year={2011},
}

@inproceedings{Franchi:CDC12,
  title={Decentralized control of parallel rigid formations with direction constraints and bearing measurements},
  author={A. Franchi and P. R. Giordano},
  booktitle=IEEE_C_CDC,
  pages={5310--5317},
  year={2012}
}

@article {Giordano:IJRR13,
	title = {A Passivity-Based Decentralized Strategy for Generalized Connectivity Maintenance},
	journal = IJRR,
	volume = {32},
	year = {2013},
	pages = {299-323},
	author = {P. R. Giordano and A. Franchi and C. Secchi and H. H. B{\"u}lthoff}
}


@inproceedings{Stacey:CDC13,
  title={A port-Hamiltonian approach to formation control using bearing measurements and range observers},
  author={G. Stacey and R. Mahony},
  booktitle=IEEE_C_CDC,
  year=2013
}

@article{Zhao:SCL14,
  title={Distributed control of angle-constrained cyclic formations using bearing-only measurements},
  author={S. Zhao and F. Lin and K. Peng and B. M. Chen and T. H. Lee},
  journal=SCL,
  volume={63},
  pages={12--24},
  year={2014},
}


@article{Bishop:CCA12,
author = {A. N. Bishop and T. H. Summers and B. D. O. Anderson},
journal = IEEE_C_CCA,
pages = {825--830},
title = {Control of triangle formations with a mix of angle and distance constraints},
year = {2012}
}

@article{Franchi:IJRR12,
  title={Modeling and Control of UAV Bearing Formations with Bilateral High-level Steering},
  author={A. Franchi and C. Masone and V. Grabe and M. Ryll and H. H. B{\"u}lthoff and P. R. Giordano},
  journal= IJRR,
  volume={31},
  number={12},
  pages={1504--1525},
  year={2012},
}

@inproceedings{Turpin:ICRA12,
  title={Decentralized formation control with variable shapes for aerial robots},
  author={M. Turpin and N. Michael and V. Kumar},
  booktitle= IEEE_C_ICRA,
  pages={23--30},
  year={2012},
}

@article{Moshtagh:TR09,
author = {N. Moshtagh and N. Michael and A. Jadbabaie and K. Daniilidis},
journal = IEEE_J_RA,
number = 4,
pages = {851--860},
title = {Vision-Based, Distributed Control Laws for Motion Coordination of Nonholonomic Robots},
volume = 25,
year = 2009
}

@article{Fischler:CA81,
author = {M. A. Fischler and R. C. Bolles},
title = {Random Sample Consensus: A Paradigm for Model Fitting with Applications to Image Analysis and Automated Cartography},
journal = ACM_COMM,
volume = {24},
number = {6},
year = {1981},
pages = {381--395},
}

@INPROCEEDINGS{Fitzgibbon:BMVC95,
author = {A. Fitzgibbon and R. B. Fisher},
title = {A Buyer's Guide to Conic Fitting},
booktitle = BMVC,
year = {1995},
pages = {513--522}
}

@inproceedings{Desai:ICRA98,
  title={Controlling formations of multiple mobile robots},
  author={J. P. Desai and J. Ostrowski and V. Kumar},
  booktitle= IEEE_C_ICRA,
  volume={4},
  pages={2864--2869},
  year={1998},
}


@article{Desai:TRA01,
  title={Modeling and control of formations of nonholonomic mobile robots},
  author={J. P. Desai and J. Ostrowski and V. Kumar},
  journal=IEEE_J_RA,
  volume=17,
  number=6,
  pages={905--908},
  year=2001,
}

@article{Egerstedt:TRA01,
  title={Formation Constrained Multi-Agent Control},
  author={M. Egerstedt and X. Hu},
  journal=IEEE_J_RA,
  volume=17,
  number=6,
  pages=947,
  year=2001
}

@article{Beard:TCST01,
  title={A coordination architecture for spacecraft formation control},
  author={R. W. Beard and J. Lawton and F. Y. Hadaegh},
  journal=IEEE_J_CST,
  volume=9,
  number=6,
  pages={777--790},
  year=2001
}

@inproceedings{Olfati:IFACWC02,
  title={Distributed cooperative control of multiple vehicle formations using structural potential functions},
  author={R. Olfati-Saber and R. M. Murray},
  booktitle={IFAC World Congress},
  pages={346--352},
  year={2002}
}

@inproceedings{Eren:CDC06,
  title={Using angle of arrival (bearing) information in network localization},
  author={T. Eren and W. Whiteley and P. N. Belhumeur},
  booktitle=IEEE_C_CDC,
  pages={4676--4681},
  year={2006},
  organization={IEEE}
}

@article{Eren:IJC12,
  title={Formation shape control based on bearing rigidity},
  author={T. Eren},
  journal={International Journal of Control},
  volume={85},
  number={9},
  pages={1361--1379},
  year={2012},
  publisher={Taylor \& Francis}
}

@article{Dorfler:TAC10,
  title={Geometric analysis of the formation problem for autonomous robots},
  author={F. Dorfler and B. Francis},
  journal=IEEE_J_AC,
  volume={55},
  number={10},
  pages={2379--2384},
  year={2010},
}


@article{Eren2003,
author = {Eren, Tolga and Whiteley, W and Morse, A. S. and Belhumeur, P. N. and Anderson, Brian D. O.},
file = {:Users/tron/Downloads/ThA01.2.pdf:pdf},
isbn = {0780379241},
journal = {Decision and Control \ldots},
number = {December},
pages = {3064--3069},
title = {{Sensor and Network Topologies of Formations with Direction, Bearing and Angle Information between Agents}},
url = {http://ieeexplore.ieee.org/xpls/abs\_all.jsp?arnumber=1273093},
year = {2003}
}

@inproceedings{Anderson2011,
author = {B. D. O. Anderson},
booktitle = {{IEEE} Mediterranean Conference on Control and Automation},
pages = {656--661},
title = {Morse theory and formation control},
url = {http://ieeexplore.ieee.org/lpdocs/epic03/wrapper.htm?arnumber=5983133},
year = 2011
}


@article{Balch:TAC98,
author = {T. Balch and R. C. Arkin},
journal = IEEE_J_AC,
number = {6},
pages = {926--939},
title = {Behavior-based formation control for multirobot teams},
volume = {14},
year = {1998}
}

@inproceedings{Bishop:CCA13,
  title={Stabilization of stiff formations with a mix of direction and distance constraints},
  author={A. N. Bishop and T. H. Summers and B. D. O. Anderson},
  booktitle=IEEE_C_CCA,
  pages={1194--1199},
  year={2013},
}

@article{Bishop:RNC14,
  title={Distributed formation control with relaxed motion requirements},
  author={A. N. Bishop and M. Deghat and B. D. O. Anderson and UY. Hong},
  journal=WILEY_J_RNC,
  year={2014},
  publisher={Wiley Online Library}
}

@inproceedings{Mariottini:ICRA07,
  author = {G. L. Mariottini and F. Morbidi and D. Prattichizzo},
  booktitle= IEEE_C_ICRA,
  title = {Vision-based Localization and Control of Leader-Follower Formations},
  year={2007},
  pages={2403--2408},
}

@inproceedings{Pereira2003,
annote = {position based, leader-follower architecture, artificial potential based, steady state error from norm of gradient.},
author = {Pereia, Guilherme A. S. and Das, Aveek K. and Kumart, Vijay and Campos, Mario F. M.},
booktitle = {International Conference on Intelligent Robots and Systems},
file = {:Users/tron/Library/Application Support/Mendeley Desktop/Downloaded/Pereia et al. - 2003 - Formation Control with Configuration Space Constraints.pdf:pdf},
number = {October},
pages = {2755--2760},
title = {{Formation Control with Configuration Space Constraints}},
year = {2003}
}

@incollection{Minnaert,
year={1969},
isbn={978-94-010-3416-6},
booktitle={Practical Work in Elementary Astronomy},
doi={10.1007/978-94-010-3414-2_62},
title={The Orbit of a Visual Binary (L)},
url={http://dx.doi.org/10.1007/978-94-010-3414-2_62},
publisher={Springer Netherlands},
author={Minnaert, M.G.J.},
pages={201-204},
language={English}
}

@article{Zhao:Automatica16,
title = "Localizability and distributed protocols for bearing-based network localization in arbitrary dimensions ",
author={Zhao, Shiyu and Zelazo, Daniel},
journal = "Automatica",
volume = "69",
number = "",
pages = "334 - 341",
year = "2016",
}

@InProceedings{Tabuada:ACC01,
	author = "P. Tabuada and G. Pappas and P. Lima",
	title = "Feasible Formations of Multi-Agent Systems",
	booktitle = IEEE_C_ACC,
	year = "2001",
	pages = "56--61"
}

@article{Morgan:IJRR16,
  title={Swarm assignment and trajectory optimization using variable-swarm, distributed auction assignment and sequential convex programming},
  author={D. Morgan and G. P. Subramanian and S.-J. Chung and F. Y. Hadaegh},
  journal=IJRR,
  pages={0278364916632065},
  year={2016},
  publisher={SAGE Publications}
}

@inproceedings{Schiano:IROS16,
  title={A Rigidity-Based Decentralized Bearing Formation Controller for Groups of Quadrotor UAVs},
  author={F. Schiano and A. Franchi and D. Zelazo and P. R. Giordano},
  booktitle=IEEE_C_IROS,
  year={2016}
}

@article{Zhao:TAC16,
  title={Bearing rigidity and almost global bearing-only formation stabilization},
  author={S. Zhao and D. Zelazo},
  journal=IEEE_J_AC,
  volume={61},
  number={5},
  pages={1255--1268},
  year={2016},
  publisher={IEEE}
}

@inproceedings{Zelazo:ECC14,
  title={Rigidity theory in ${SE(2)}$ for unscaled relative position estimation using only bearing measurements},
  author={D. Zelazo and A. Franchi and P. R. Giordano},
  booktitle=ECC,
  pages={2703--2708},
  year={2014},
}

@inproceedings{Zhao:ISIC15,
  title={Bearing-based formation maneuvering},
  author={S. Zhao and D. Zelazo},
  booktitle={IEEE International Symposium on Intelligent Control (ISIC)},
  pages={658--663},
  year={2015},
}

@conference{Kennedy:IROS12,
	Author = {R. Kennedy and C. J. Taylor},
	Booktitle = IEEE_C_IROS,
	Pages = {194-201},
	Title = {Identifying maximal rigid components in bearing-based localization},
	Year = {2012}}

@article{yu2007three,
  title={Three and higher dimensional autonomous formations: Rigidity, persistence and structural persistence},
  author={Yu, Changbin and Hendrickx, Julien M and Fidan, Bar{\i}{\c{s}} and Anderson, Brian DO and Blondel, Vincent D},
  journal={Automatica},
  volume={43},
  number={3},
  pages={387--402},
  year={2007},
  publisher={Elsevier}
}

@article{hendrickx2007directed,
  title={Directed graphs for the analysis of rigidity and persistence in autonomous agent systems},
  author={Hendrickx, Julien M and Anderson, Brian and Delvenne, Jean-Charles and Blondel, Vincent D},
  journal=WILEY_J_RNC,
  volume={17},
  number={10-11},
  pages={960--981},
  year={2007},
  publisher={Wiley Online Library}
}

@inproceedings{michieletto2016bearing,
  title={Bearing rigidity theory in $\mathrm{SE}(3)$},
  author={Michieletto, Giulia and Cenedese, Angelo and Franchi, Antonio},
  booktitle=IEEE_C_CDC,
  pages={5950--5955},
  year={2016},
  organization={IEEE}
}

@article{ploeg2014lp,
  title={$L_p$ string stability of cascaded systems: Application to vehicle platooning},
  author={Ploeg, Jeroen and Van De Wouw, Nathan and Nijmeijer, Henk},
  journal=IEEE_J_CST,
  volume={22},
  number={2},
  pages={786--793},
  year={2014},
  publisher={IEEE}
}

@inproceedings{rozenheck2015proportional,
  title={A proportional-integral controller for distance-based formation tracking},
  author={Rozenheck, Oshri and Zhao, Shiyu and Zelazo, Daniel},
  booktitle=IEEE_C_ECC,
  pages={1693--1698},
  year={2015},
  organization={IEEE}
}

@inproceedings{zhao2015bearing,
  title={Bearing-based formation maneuvering},
  author={Zhao, Shiyu and Zelazo, Daniel},
  booktitle={Intelligent Control (ISIC), 2015 IEEE International Symposium on},
  pages={658--663},
  year={2015},
  organization={IEEE}
}

@ARTICLE{weinstein2018visual,
author={A. Weinstein and A. Cho and G. Loianno and V. Kumar},
journal=IEEE_J_RAL,
title={Visual Inertial Odometry Swarm: An Autonomous Swarm of Vision-Based Quadrotors},
year={2018},
volume={3},
number={3},
pages={1801-1807},
}

@inproceedings{loianno2016swarm,
  title={A swarm of flying smartphones},
  author={Loianno, Giuseppe and Mulgaonkar, Yash and Brunner, Chris and Ahuja, Dheeraj and Ramanandan, Arvind and Chari, Murali and Diaz, Serafin and Kumar, Vijay},
  booktitle=IEEE_C_IROS,
  pages={1681--1688},
  year={2016},
  organization={IEEE}
}

@inproceedings{kuriki2014consensus,
  title={Consensus-based cooperative formation control with collision avoidance for a multi-UAV system},
  author={Kuriki, Yasuhiro and Namerikawa, Toru},
  booktitle=IEEE_C_ACC,
  pages={2077--2082},
  year={2014},
  organization={IEEE}
}

@inproceedings{ren2006consensus,
  title={Consensus based formation control strategies for multi-vehicle systems},
  author={Ren, Wei},
  booktitle=IEEE_C_ACC,
  pages={4237--4242},
  year={2006},
}

@article{chen2008decentralized,
  title={Decentralized formation control of mobile agents: A unified framework},
  author={Chen, Fei and Chen, Zengqiang and Liu, Zhongxin and Xiang, Linying and Yuan, Zhuzhi},
  journal={Physica A: Statistical Mechanics and its Applications},
  volume={387},
  number={19-20},
  pages={4917--4926},
  year={2008},
  publisher={Elsevier}
}

@ARTICLE{Zhao:TAC15,
author={S. Zhao and D. Zelazo},
journal=IEEE_J_AC,
title={Bearing Rigidity and Almost Global Bearing-Only Formation Stabilization},
year={2015},
volume={PP},
number={99},
pages={1-1},
}


@article{rahmani2009controllability,
  title={Controllability of multi-agent systems from a graph-theoretic perspective},
  author={Rahmani, Amirreza and Ji, Meng and Mesbahi, Mehran and Egerstedt, Magnus},
  journal=SIAM_J_CO,
  volume={48},
  number={1},
  pages={162--186},
  year={2009},
  publisher={SIAM}
}

@inproceedings{dias2016distributed,
  title={Distributed Formation Control of Quadrotors under Limited Sensor Field of View},
  author={Dias, Duarte and Lima, Pedro Urbano and Martinoli, Alcherio},
  booktitle={International Conference on Autonomous Agents \& Multiagent Systems},
  pages={1087--1095},
  year={2016},
  organization={International Foundation for Autonomous Agents and Multiagent Systems}
}

@article{panagou2014cooperative,
  title={Cooperative visibility maintenance for leader--follower formations in obstacle environments},
  author={Panagou, Dimitra and Kumar, Vijay},
  journal={IEEE Transactions on Robotics},
  volume={30},
  number={4},
  pages={831--844},
  year={2014},
  publisher={IEEE}
}

@inproceedings{panagou2012maintaining,
  title={Maintaining visibility for leader-follower formations in obstacle environments},
  author={Panagou, Dimitra and Kumar, Vijay},
  booktitle={Robotics and Automation (ICRA), 2012 IEEE International Conference on},
  pages={1811--1816},
  year={2012},
  organization={IEEE}
}

@article{poonawala2017cooperative,
  title={Cooperative visibility maintenance in {{SE(3)}} for multi-robot-networks with limited field-of-view sensors},
  author={Poonawala, Hasan A and Spong, Mark W},
  journal={Control Theory and Technology},
  volume={15},
  number={4},
  pages={246--257},
  year={2017},
  publisher={Springer}
}

@inproceedings{asadi2012cooperative,
  title={Cooperative control of multi-agent systems with limited angular field of view},
  author={Asadi, Mohammad Mehdi and Ajorlou, Amir and Aghdam, Amir G},
  booktitle=IEEE_C_ACC,
  pages={2388--2393},
  year={2012},
  organization={IEEE}
}

@inproceedings{lopez2017formation,
  title={Formation of differential-drive vehicles with field-of-view constraints for enclosing a moving target},
  author={L{\'o}pez-Nicol{\'a}s, Gonzalo and Aranda, Miguel and Mezouar, Youcef},
  booktitle=IEEE_C_ICRA,
  pages={261--266},
  year={2017},
  organization={IEEE}
}

@article{robuffo2013passivity,
  title={A passivity-based decentralized strategy for generalized connectivity maintenance},
  author={Robuffo Giordano, Paolo and Franchi, Antonio and Secchi, Cristian and B{\"u}lthoff, Heinrich H},
  journal=IJRR,
  volume={32},
  number={3},
  pages={299--323},
  year={2013},
  publisher={SAGE Publications Sage UK: London, England}
}

@article{nestmeyer2015decentralized,
  title={Decentralized multi-target exploration and connectivity maintenance with a multi-robot system},
  author={Nestmeyer, Thomas and Franchi, Antonio and B{\"u}lthoff, Heinrich H and Giordano, Paolo Robuffo},
  journal={Computer Science},
  volume={34},
  number={1},
  pages={105128},
  year={2015}
}
