@article{Horton:JC87,
  title={A polynomial-time algorithm to find the shortest cycle basis of a graph},
  author={J. D. Horton},
  journal=SIAM_J_C,
  volume={16},
  number={2},
  pages={358--366},
  year={1987},
  publisher={SIAM}
}
