@incollection{Sontag:chapter11,
 author = {D. Sontag and A. Globerson and T. Jaakkola},
 title = {Introduction to Dual Decomposition for Inference},
 booktitle = {Optimization for Machine Learning},
 publisher = {MIT Press},
 year = {2011}
}

@book{Mackay:book03,
  title={Information theory, inference and learning algorithms},
  author={D. J. C. MacKay},
  year={2003},
  publisher={Cambridge university press}
}

@article{Weiss:NC01,
  title={Correctness of belief propagation in Gaussian graphical models of arbitrary topology},
  author={Weiss, Y. and Freeman, W. T.},
  journal={Neural computation},
  volume={13},
  number={10},
  pages={2173--2200},
  year={2001}
}

@article{Su:TSP15,
  title={On Convergence Conditions of Gaussian Belief Propagation.},
  author={Su, Qinliang and Wu, Yik-Chung},
  journal=IEEE_J_SP,
  volume={63},
  number={5},
  pages={1144--1155},
  year={2015}
}


@article{Yedidia:EAINM03,
  title={Understanding belief propagation and its generalizations},
  author={J. S. Yedidia and W. T. Freeman and Y. Weiss},
  journal={Exploring artificial intelligence in the new millennium},
  volume={8},
  pages={236--239},
  year={2003}
}

@inproceedings{Komodakis:ICCV07,
  title={{MRF} optimization via dual decomposition: Message-passing revisited},
  author={N. Komodakis and N. Paragios and G. Tziritas},
  booktitle=IEEE_C_ICCV,
  pages={1--8},
  year={2007},
}

@inproceedings{Martins:ICML11,
  title={An {A}ugmented {L}agrangian Approach to Constrained MAP Inference},
  author={A. F. T. Martins and M. A. T. Figueiredo and P. M. Q. Aguiar and N. A. Smith and E. P. Xing},
  booktitle=ICML,
  year={2011}
}

@inproceedings{Shental:ISIT08,
  title={Gaussian belief propagation solver for systems of linear equations},
  author={Shental, O. and Siegel, P. H. and Wolf, J. K. and Bickson, D. and Dolev, D.},
  booktitle={{IEEE} International Symposium on Information Theory},
  pages={1863--1867},
  year={2008},
  organization={IEEE}
}
