@misc{ODROID,
author = {ODROID},
title = {{Hardkernel co., Ltd.}},
howpublished = "\url{http://www.hardkernel.com}",
}

@misc{Vicon,
author = {Vicon},
title = {{Vicon Motion Systems Ltd.}},
howpublished = "\url{http://www.vicon.com}",
}

@misc{OptitrackMotive,
author = {OptiTrack},
title = {Motive: Optical motion capture software},
howpublished = "\url{http://www.optitrack.com/}",
}

@misc{XSens,
author = {XSens},
title = {{Xsens Technologies B.V.}},
howpublished = "\url{https://www.xsens.com/}",
}

@misc{Asctec,
author = {Ascending Technologies GmbH},
title = {{Ascending Technologies GmbH}},
howpublished = "\url{http://www.asctec.de}",
}

@misc{Matrix_Vision,
author = {Matrix Vision GmbH},
title = {{Matrix Vision GmbH}},
howpublished = "\url{http://http://www.matrix-vision.com}",
}

@misc{XBee,
author = {DIGI},
title = {{DIGI XBee Ecosystem}},
howpublished="\url{https://www.digi.com/lp/xbee}",
}

@inproceedings{paull2017duckietown,
  title={Duckietown: an open, inexpensive and flexible platform for autonomy education and research},
  author={Paull, Liam and Tani, Jacopo and Ahn, Heejin and Alonso-Mora, Javier and Carlone, Luca and Cap, Michal and Chen, Yu Fan and Choi, Changhyun and Dusek, Jeff and Fang, Yajun and others},
  booktitle=IEEE_C_ICRA,
  pages={1497--1504},
  year={2017},
  organization={IEEE}
}
