@book{Braune:book88,
  title={Determination of the moments of inertia of the human body and its limbs},
  author={W. Braune and O. Fischer},
  year={1988},
  publisher={Berlin: Springer-Verlag}
}

@book{Inman:book81,
  title={Human walking},
  author={V. T. Inman and H. J. Ralston and F. Todd},
  year={1981},
  publisher={Williams \& Wilkins}
}

@Article{Sheets:ABE11,
author="A. L. Sheets and G. D. Abrams and S. Corazza and M. R. Safran and T. P. Andriacchi",
title="Kinematics Differences Between the Flat, Kick, and Slice Serves Measured Using a Markerless Motion Capture Method",
journal="Annals of Biomedical Engineering",
year="2011",
volume="39",
number="12",
pages="3011--3020",
}

@article{Racic:JSV09,
author = {Racic, V and Pavic, A and Brownjohn, J M W},
journal = {Journal of Sound and Vibration},
number = {1},
pages = {1--49},
publisher = {Elsevier},
title = {Experimental identification and analytical modelling of human walking forces: Literature review},
volume = {326},
year = {2009}
}
