@string{IEEE_C_ICRA = "{IEEE} International Conference on Robotics and Automation"}
@string{IEEE_C_CIRA = "{IEEE} International Symposium on Computational Intelligence and Robotic Automation"}
@string{IEEE_C_ICCV = "{IEEE} International Conference on Computer Vision"}
@string{IEEE_C_ECCV = "{IEEE} European Conference on Computer Vision"}
@string{IEEE_C_ICDSC = "{IEEE} International Conference on Distributed Smart Cameras"}
@string{IEEE_C_IROS = "{IEEE} International Conference on Intelligent Robots and Systems"}
@string{IEEE_C_CDC = "{IEEE} International Conference on Decision and Control"}
@string{IEEE_C_ACC = "{IEEE} American Control Conference"}
@string{IEEE_C_ECC = "{IEEE} European Control Conference"}
@string{IEEE_C_CDC_ECC = "Joint {IEEE} International Conference on Decision and Control - {IEEE} European Control Conference"}
@string{IEEE_C_CCA = "{IEEE} International Conference on Control Applications"}
@string{IEEE_C_CVPR = "{IEEE} Conference on Computer Vision and Pattern Recognition"}
@string{IEEE_C_VR = "{IEEE} Virtual Reality"}
@string{IEEE_C_CRV = "{IEEE} Conference on Computer and Robot Vision"}
@string{IEEE_C_MFI = "{IEEE} Conference on Multisensor Fusion and Integration for Intelligent Systems"}
@string{IEEE_C_FUSION = "{IEEE} International Conference on Information Fusion"}
@string{IEEE_C_ICASSP ="{IEEE} International Conference on Acoustics, Speech and Signal Processing"}
@string{IEEE_C_CAC="{IEEE} International Conference on Autonomic Computing"}
@string{IEEE_C_MASS="{IEEE} Intl. Conference on Mobile Ad-Hoc and Sensor Systems"}
@string{IEEE_C_HAPTICS="{IEEE} Haptics Symposium"}
