@string{IEEE_C_ICRA = "{IEEE} Intl. Conf. on Rob. and Aut."}
@string{IEEE_C_CIRA = "{IEEE} Intl. Symposium on Comp. Intell. and Rob. Aut."}
@string{IEEE_C_ICCV = "{IEEE} Intl. Conf. on Comp. Vision"}
@string{IEEE_C_ECCV = "{IEEE} European Conf. on Comp. Vision"}
@string{IEEE_C_ICDSC = "{IEEE} Intl. Conf. on Dist. Smart Cameras"}
@string{IEEE_C_IROS = "{IEEE} Intl. Conf. on Intell. Rob. and Sys."}
@string{IEEE_C_CDC = "{IEEE} Intl. Conf. on Dec. and Cont."}
@string{IEEE_C_ACC = "{IEEE} Am. Cont. Conf."}
@string{IEEE_C_ECC = "{IEEE} Eu. Cont. Conf."}
@string{IEEE_C_CCA = "{IEEE} Intl. Conf. on Cont. Applications"}
@string{IEEE_C_CVPR = "{IEEE} Conf. on Comp. Vision and Pat. Rec."}
@string{IEEE_C_VR = "{IEEE} Virtual Reality"}
@string{IEEE_C_CRV = "{IEEE} Conf. on Comp. and Robot Vision"}
@string{IEEE_C_MFI = "{IEEE} Conf. on Multisensor Fusion and Integration for Intelligent Systems"}
@string{IEEE_C_FUSION = "{IEEE} Intl. Conf. on Information Fusion"}
@string{IEEE_C_ICASSP ="{IEEE} Intl. Conf. on Acoustics, Speech and Signal Processing"}
@string{IEEE_C_CAC="{IEEE} Intl. Conf. on Autonomic Computing"}
@string{IEEE_C_MASS="{IEEE} Intl. Conf. on Mobile Ad-Hoc and Sensor Systems"}
@string{IEEE_C_HAPTICS="{IEEE} Haptics Symposium"}
