@article{Dietterich:ML00,
  title={An experimental comparison of three methods for constructing ensembles of decision trees: Bagging, boosting, and randomization},
  author={Dietterich, Thomas G},
  journal={Machine learning},
  volume={40},
  number={2},
  pages={139--157},
  year={2000},
  publisher={Springer}
}

@book{Rokach:book14,
  title={Data mining with decision trees: theory and applications},
  author={Rokach, Lior and Maimon, Oded},
  year={2014},
  publisher={World scientific}
}

@book{Quinlan:book14,
  title={{C4.5}: programs for machine learning},
  author={Quinlan, J Ross},
  year={2014},
  publisher={Elsevier}
}

@article{Loh:WIRDMKD11,
  title={Classification and regression trees},
  author={Loh, Wei-Yin},
  journal={Wiley Interdisciplinary Reviews: Data Mining and Knowledge Discovery},
  volume={1},
  number={1},
  pages={14--23},
  year={2011},
  publisher={Wiley Online Library}
}

@article{Loh:SS97,
  title={Split selection methods for classification trees},
  author={Loh, Wei-Yin and Shih, Yu-Shan},
  journal={Statistica sinica},
  pages={815--840},
  year={1997},
  publisher={JSTOR}
}

@article{Kim:JCGS03,
  title={Classification trees with bivariate linear discriminant node models},
  author={Kim, Hyunjoong and Loh, Wei-Yin},
  journal={Journal of Computational and Graphical Statistics},
  volume={12},
  number={3},
  pages={512--530},
  year={2003},
  publisher={Taylor \& Francis}
}

@article{Loh:AAS09,
  title={Improving the precision of classification trees},
  author={Loh, Wei-Yin},
  journal={The Annals of Applied Statistics},
  pages={1710--1737},
  year={2009},
  publisher={JSTOR}
}

@article{BenGal:QTQM14,
  title={Efficient construction of decision trees by the dual information distance method},
  author={I. Ben-Gal and A. Dana and N. Shkolnik and G. Singer},
  journal={Quality Technology \& Quantitative Management},
  volume={11},
  number={1},
  pages={133--147},
  year={2014}
}
