
@inproceedings{Forero:10ipsn,
	Address = {New York,USA},
	Author = {Forero, A. and Cano, A. and Giannakis, G.},
	Booktitle = {Proceedings of the 9th ACM/IEEE International Conference on Information Processing in Sensor Networks},
	Location = {Stockholm, Sweden},
	Pages = {35-46},
	Title = {Consensus-based distributed linear support vector machines},
	Year = {2010}}

@inproceedings{Forero:ICASSP08,
	Author = {P.A. Forero and A. Cano and G. Giannakis},
	Booktitle = IEEE_C_ICASSP,
	Doi = {10.1109/ICASSP.2008.4518028},
	Issn = {1520-6149},
	Keywords = {expectation-maximisation algorithm, parameter estimation, signal classification, wireless sensor networksdecentralized expectation-maximization algorithm, density estimation, distributed expectation-maximization algorithm, distributed learning tasks, inter-sensor communication noise, parameter estimation, wireless sensor networks},
	Month = {April},
	Pages = {1989--1992},
	Title = {Consensus-based distributed expectation-maximization algorithm for density estimation and classification using wireless sensor networks},
	Year = {2008},
	Bdsk-Url-1 = {http://dx.doi.org/10.1109/ICASSP.2008.4518028}}

@article{Nowak:TraSP03,
	Author = {R.D. Nowak},
	Doi = {10.1109/TSP.2003.814623},
	Issn = {1053-587X},
	Journal = {Transactions on Signal Processing},
	Keywords = {Gaussian distribution, distributed algorithms, distributed sensors, optimisation, parameter estimation, signal processing, statistical analysis, telecommunication networks Gaussian mixture approximation, clustering, data processing, density estimation, distributed EM algorithms, distributed expectation-maximization algorithm, distributed processing strategy, sensor networks},
	Month = {Aug.},
	Number = {8},
	Pages = {2245--2253},
	Title = {Distributed EM algorithms for density estimation and clustering in sensor networks},
	Volume = {51},
	Year = {2003},
	Bdsk-Url-1 = {http://dx.doi.org/10.1109/TSP.2003.814623}}

@article{Kowalczyk:NIPS05,
  title={Newscast {EM}},
  author={Kowalczyk, Wojtek and Vlassis, Nikos},
  journal={Advances in Neural Information Processing Systems 17},
  pages={713--720},
  year={2005},
  publisher={MIT Press}
}

@article{Gu:TNN08,
  title={Distributed EM algorithm for Gaussian mixtures in sensor networks},
  author={Gu, Dongbing},
  journal={Neural Networks, IEEE Transactions on},
  volume={19},
  number={7},
  pages={1154--1166},
  year={2008},
  publisher={IEEE}
}

@inproceedings{Wolfe:ICML08,
  title={Fully distributed EM for very large datasets},
  author={Wolfe, Jason and Haghighi, Aria and Klein, Dan},
  booktitle={Proceedings of the 25th international conference on Machine learning},
  pages={1184--1191},
  year={2008},
  organization={ACM}
}

@inproceedings{hall2000distributed,
  title={Distributed learning on very large data sets},
  author={Hall, L and Bowyer, K and Kegelmeyer, W and Moore, T and Chao, Chi-ming},
  booktitle={{ACM SIGKDD} International Conference on Knowledge Discovery and Data Mining},
  pages={79--84},
  year={2000},
}

@article{chawla2003distributed,
  title={Distributed learning with bagging-like performance},
  author={Chawla, Nitesh V and Moore, Thomas E and Hall, Lawrence O and Bowyer, Kevin W and Kegelmeyer, W Philip and Springer, Clayton},
  journal={Pattern Recognition Letters},
  volume={24},
  number={1},
  pages={455--471},
  year={2003},
  publisher={Elsevier}
}

@article{predd2006distributed,
  title={Distributed learning in wireless sensor networks},
  author={Predd, Joel B and Kulkarni, SB and Poor, H Vincent},
  journal=IEEE_M_SP,
  volume={23},
  number={4},
  pages={56--69},
  year={2006},
  publisher={IEEE}
}
