@inproceedings{Macqueen:SMSP67,
  title={Some methods for classification and analysis of multivariate observations},
  author={MacQueen, James and others},
  booktitle={Proceedings of the fifth Berkeley symposium on mathematical statistics and probability},
  volume=1,
  pages={281--297},
  year=1967,
  organization={Oakland, CA, USA.}
}

@article{Lloyd:TIT82,
  title={Least squares quantization in PCM},
  author={Lloyd, Stuart P},
  journal={Information Theory, IEEE Transactions on},
  volume={28},
  number={2},
  pages={129--137},
  year={1982},
  publisher={IEEE}
}

@article{Forgy:Biometrics65,
  title={Cluster analysis of multivariate data: efficiency versus interpretability of classifications},
  author={Forgy, Edward W},
  journal={Biometrics},
  volume={21},
  pages={768--769},
  year={1965}
}

@book{Hartigan:book75,
  title={Clustering algorithms},
  author={Hartigan, John A},
  year={1975},
  publisher={Wiley}
}

@article{Hartigan:JRSS79,
  title={Algorithm {AS 136}: A k-means clustering algorithm},
  author={Hartigan, John A and Wong, Manchek A},
  journal={Journal of the Royal Statistical Society. Series C (Applied Statistics)},
  volume={28},
  number={1},
  pages={100--108},
  year={1979},
  publisher={JSTOR}
}
