@article{Criminisi:techrep11,
  title={Decision forests for classification, regression, density estimation, manifold learning and semi-supervised learning},
  author={Criminisi, A and Shotton, J and Konukoglu, E},
  journal={Microsoft Research Cambridge, Tech. Rep. MSRTR-2011-114},
  volume={5},
  number={6},
  pages={12},
  year={2011}
}

@article{Jedynak:JAP12,
  title={Twenty questions with noise: Bayes optimal policies for entropy loss},
  author={B. Jedynak and P. I. Frazier and R. Sznitman},
  journal= JAP,
  volume={49},
  number={1},
  pages={114--136},
  year={2012},
  publisher={Applied Probability Trust}
}

@article{Shi:PAMI00,
  title={Normalized cuts and image segmentation},
  author={J. Shi and J. Malik},
  journal=IEEE_J_PAMI,
  volume={22},
  number={8},
  pages={888--905},
  year={2000},
  publisher={IEEE}
}

@article{Singer:CAM12,
  title={Vector diffusion maps and the connection Laplacian},
  author={A. Singer and H.-T. Wu},
  journal={Communications on pure and applied mathematics},
  volume={65},
  number={8},
  pages={1067--1144},
  year={2012},
  publisher={Wiley Online Library}
}

@article{Fischler:CommACM81,
  title={Random sample consensus: a paradigm for model fitting with applications to image analysis and automated cartography},
  author={M. A. Fischler and R. C. Bolles},
  journal=ACM_COMM,
  volume={24},
  number={6},
  pages={381--395},
  year={1981},
  publisher={ACM}
}


@article{Hoel:book54,
  title={Introduction to mathematical statistics.},
  author={Hoel, Paul G and others},
  journal={Introduction to mathematical statistics.},
  number={2nd Ed},
  year={1954},
  publisher={John Wiley \& Sons, Inc., New York \& Chapman \& Hall, Ltd., London}
}

@book{Mclachlan:book07,
  title={The {EM} algorithm and extensions},
  author={McLachlan, Geoffrey and Krishnan, Thriyambakam},
  volume={382},
  year={2007},
  publisher={John Wiley \& Sons}
}

@book{Mackay:book03,
  title={Information theory, inference and learning algorithms},
  author={MacKay, David JC},
  year={2003},
  publisher={Cambridge university press}
}

@article{Hartley:biometrics58,
  title={Maximum likelihood estimation from incomplete data},
  author={Hartley, HO},
  journal={Biometrics},
  volume={14},
  number={2},
  pages={174--194},
  year={1958},
  publisher={JSTOR}
}

@article{Dempster:JRSS77,
  title={Maximum likelihood from incomplete data via the EM algorithm},
  author={Dempster, Arthur P and Laird, Nan M and Rubin, Donald B},
  journal={Journal of the royal statistical society. Series B (methodological)},
  pages={1--38},
  year={1977},
  publisher={JSTOR}
}

@article{Park:ESA09,
  title={A simple and fast algorithm for K-medoids clustering},
  author={Park, Hae-Sang and Jun, Chi-Hyuck},
  journal={Expert Systems with Applications},
  volume={36},
  number={2},
  pages={3336--3341},
  year={2009},
  publisher={Elsevier}
}

@book{Kaufman:book09,
  title={Finding groups in data: an introduction to cluster analysis},
  author={Kaufman, Leonard and Rousseeuw, Peter J},
  volume={344},
  year={2009},
  publisher={John Wiley \& Sons}
}

@inproceedings{Viola:CVPR01,
  title={Rapid object detection using a boosted cascade of simple features},
  author={Viola, Paul and Jones, Michael},
  booktitle={Computer Vision and Pattern Recognition, 2001. CVPR 2001. Proceedings of the 2001 IEEE Computer Society Conference on},
  volume={1},
  pages={I--511},
  year={2001},
  organization={IEEE}
}

@article{Breiman:ML96,
  title={Bagging predictors},
  author={Breiman, Leo},
  journal={Machine learning},
  volume={24},
  number={2},
  pages={123--140},
  year={1996},
  publisher={Springer}
}

@inproceedings{Freund:ICML96,
  title={Experiments with a new boosting algorithm},
  author={Freund, Yoav and Schapire, Robert E},
  booktitle=ICML,
  volume={96},
  pages={148--156},
  year={1996}
}


@article{Rosenblatt:AMS56,
  title={Remarks on some nonparametric estimates of a density function},
  author={Rosenblatt, Murray},
  journal={The Annals of Mathematical Statistics},
  volume={27},
  number={3},
  pages={832--837},
  year={1956},
  publisher={Institute of Mathematical Statistics}
}

@article{Parzen:AMS62,
  title={On estimation of a probability density function and mode},
  author={Parzen, Emanuel},
  journal={The annals of mathematical statistics},
  volume={33},
  number={3},
  pages={1065--1076},
  year={1962},
  publisher={JSTOR}
}

@incollection{Vedaldi:ECCV08,
  title={Quick shift and kernel methods for mode seeking},
  author={Vedaldi, Andrea and Soatto, Stefano},
  booktitle=IEEE_C_ECCV,
  pages={705--718},
  year={2008},
  publisher={Springer}
}

@Article{Cortes:ML95,
author="Cortes, Corinna
and Vapnik, Vladimir",
title="Support-vector networks",
journal="Machine Learning",
year="1995",
volume="20",
number="3",
pages="273--297",
}

@inproceedings{Lea:WECCV16,
  title={Temporal Convolutional Networks: A Unified Approach to Action Segmentation},
  author={Lea, Colin and Vidal, Ren{\'e} and Reiter, Austin and Hager, Gregory D},
  booktitle={Workshop in European Conference on Computer Vision},
  pages={47--54},
  year={2016},
  organization={Springer}
}
