@inproceedings{Petitti:ICRA16,
	title = {Decentralized Motion Control for Cooperative Manipulation with a Team of Networked Mobile Manipulators},
	booktitle = IEEE_C_ICRA,
	year = {2016},
	author = {A. Petitti and A. Franchi and D. Di Paola and A. Rizzo}
}

@inproceedings{Franchi:CDC14,
	title = {Distributed Estimation of the Inertial Parameters of an Unknown Load via Multi-Robot Manipulation},
	booktitle = IEEE_C_CDC,
	year = {2014},
	author = {A. Franchi and A. Petitti and A. Rizzo}
}

@conference {Franchi:ICRA15,
	title = {Decentralized Parameter Estimation and Observation for Cooperative Mobile Manipulation of an Unknown Load using Noisy Measurements},
	booktitle = IEEE_C_ICRA,
	year = {2015},
	author = {A. Franchi and A. Petitti and A. Rizzo}
}

@inproceedings{Wang:DARS14,
  author = {Z. Wang and M. Schwager}, 
  title = {Multi-Robot Manipulation without Communication},
  booktitle = {International Symposium on Distributed Robotic Systems},
  year = {2014},
  pages = {43--56}
}

@inproceedings{Wang:CDC15,
  author = {Z. Wang and M. Schwager}, 
  title = {Multi-Robot Manipulation with no Communication Using Only Local Measurements},
  booktitle = IEEE_C_CDC,
  year = {2015},
  pages = {380--385}
}

@inproceedings{Wang:ICRA16,
  author = {Z. Wang and M. Schwager}, 
  title = {Kinematic Multi-Robot Manipulation with no Communication Using Force Feedback},
  booktitle = IEEE_C_ICRA,
  year = {2016}
}

@conference{Sreenath:RSS13,
  author={K. Sreenath and V. Kumar},
  title={\href{http://www.roboticsproceedings.org/rss09/p11.pdf}{Dynamics, Control and Planning for Cooperative Manipulation of Payloads Suspended by Cables from Multiple Quadrotor Robots}},
  booktitle=RSS,
  year={2013},
}

@article{kotaru2017differential,
  title={Differential-Flatness and Control of Quadrotor (s) with a Payload Suspended through Flexible Cable (s)},
  author={Kotaru, Prasanth and Wu, Guofan and Sreenath, Koushil},
  journal={arXiv preprint arXiv:1711.04895},
  year={2017}
}

@article{loianno2018cooperative,
  title={Cooperative transportation using small quadrotors using monocular vision and inertial sensing},
  author={Loianno, Giuseppe and Kumar, Vijay},
  journal=IEEE_J_RAL,
  volume={3},
  number={2},
  pages={680--687},
  year={2018},
  publisher={IEEE}
}

