% This file was created with JabRef 2.6.
% Encoding: Cp1252

@STRING{ams = {{A}merican {M}athematical {S}ociety}}

@STRING{proams = {Proceedings of the {AMS}}}

@STRING{nips = {Neural Information Processing Systems}}



@ARTICLE{Gordon:Completness1973AMS,
  title={An analytical criterion for the completeness of {R}iemannian manifolds},
  author={Gordon, William B},
  JOURNAL ={Proc. Amer. Math. Soc},
  volume={37},
  number={1},
  pages={221--225},
  year={1973}
}


@ARTICLE{Hendriks-AnnStat2007,
  AUTHOR =       {H. Hendriks and Z. Landsman},
  TITLE =        {Asymptotic Data Analysis on Manifolds},
  JOURNAL =      {The Annals of Statistics},
  YEAR =         {2007},
  volume =       {35},
  number =       {1},
  pages =        {109-131},
  month =        {},
  note =         {},
  abstract =     {},
  keywords =     {},
  source =       {},
}


@ARTICLE{Bhattacharya:AnnStat2003,
  AUTHOR =       {R. Bhattacharya and V. Patrangenaru},
  TITLE =        {LARGE SAMPLE THEORY OF INTRINSIC AND EXTRINSIC
SAMPLE MEANS ON MANIFOLDS. {I}},
  JOURNAL =      {Ann. Statist.},
  YEAR =         {2003},
  volume =       {31},
  number =       {1},
  pages =        {1-29},
  month =        {},
  note =         {},
  abstract =     {},
  keywords =     {},
  source =       {},
}

@PHDTHESIS{Bhattacharya:Thesis08,
  AUTHOR =       {A. Bhattacharya},
  TITLE =        {Nonparametric Statistics on Manifolds with Applications to Shape Spaces},
  SCHOOL =       {The University of Arizona},
  YEAR =         {2008},
  type =         {},
  address =      {},
  month =        {},
  note =         {},
  abstract =     {},
  keywords =     {},
  source =       {},
}


@BOOK{Dryden-ShapeBook1998,
  AUTHOR =       {I. L. Dryden and K. V. Mardia},
  editor =       {},
  TITLE =        {Statistical Shape Analysis},
  PUBLISHER =    {John Wiley \& Sons},
  YEAR =         {1998},
}

@article{Kendall:BLMS84,
  title={Shape manifolds, procrustean metrics, and complex projective spaces},
  author={D. G. Kendall},
  journal={Bulletin of the London Mathematical Society},
  volume={16},
  number={2},
  pages={81--121},
  year={1984},
  publisher={Oxford University Press}
}


@BOOK{Kendall_Book,
  AUTHOR =       {D. G. Kendall and D. Barden and T. K. Carne and H. Le},
  TITLE =        {Shape and Shape Theory},
  PUBLISHER =    {John Wiley \& Sons},
  YEAR =         {1999},
  series =       {Wiley Series In Probability And Statistics},
}

@book{Bookstein:book97,
  title={Morphometric tools for landmark data: geometry and biology},
  author={Bookstein, Fred L},
  year={1997},
  publisher={Cambridge University Press}
}

@MISC{CTW:Workshop2012,
  author =       {},
  title =        {{CTW}: Statistics, Geometry, and Combinatorics on Stratified Spaces Arising from Biological Problems},
  howpublished = {{NSF} Workshop held at the {BMI} Institute, Ohio State University, Website at:~\url{http://mbi.osu.edu/2011/pgcdescription.html}},
  year =         {2012},
  month =        {May 21-25},
  note =         {},
  abstract =     {},
  keywords =     {},
  source =       {},
}


@MISC{Bhattacharya:ExtrinsicStartified2012
   , author={Bhattacharya, RN and Buibas, M and Dryden, IL and Ellingson, 
      LA and Groisser, D and Hendriks, H and Huckemann, 
      S and Le, Huiling and Liu, X and Osborne, DE and others}
   , title={Extrinsic Data Analysis on Sample Spaces with a Manifold 
      Stratification}
   , howpublished ={Available at:~\url{http://stat.fsu.edu/techreports/M1003.pdf}}
   , year={2012}
}

@book{Michor:BookTopics2008,
  title={Topics in differential geometry},
  author={Michor, Peter W},
  volume={93},
  year={2008},
  publisher={American Mathematical Society}
}


@ARTICLE{Afsari:ProcAMS11,
  author = {B. Afsari},
  title = {{R}iemannian {$L^{p}$} center of mass: Existence, uniqueness, and convexity},
  journal = {Proceedings of the {AMS}},
  year = {2011},
  volume = {139},
  pages = {655--673},
  number = {2}
}


@BOOK{Berger:book07,
  title = {A Panoramic View of {R}iemannian Geometry},
  publisher = {Springer},
  year = {2007},
  author = {M. Berger}
}

@ARTICLE{Bloch:IJBCASE05,
  author = {A. M. Bloch and A. Iserles},
  title = {COMMUTATORS OF SKEW-SYMMETRIC MATRICES.},
  journal = {International Journal of Bifurcation and Chaos in Applied Sciences
	and Engineering},
  year = {2005},
  volume = {15},
  pages = {793 - 801},
  number = {3}
}

@BOOK{Chavel:book06,
  title = {{R}iemannian Geometry: a Modern Introduction},
  publisher = {{C}ambridge {U}niversity {P}ress},
  year = 2006,
  author = {I. Chavel},
  volume = 98,
  edition = {2nd}
}

@ARTICLE{Le:AAP01,
  author = {H. Le},
  title = {Locating {F}r\'echet means and with application to shape spaces},
  journal = {Advances in Applied Probabilities},
  year = {2001},
  volume = {33},
  pages = {324--338},
  number = {2}
}

@ARTICLE{Moakher:SIAM02,
  author = {M.~Moakher},
  title = {Means and averaging in the group of rotations},
  journal = {{SIAM} Journal on Matrix Analysis and Applications},
  year = {2002},
  volume = {24},
  pages = {1--16},
  number = {1},
  owner = {Ertan},
  timestamp = {2011.11.01}
}

@BOOK{ONeill:book83,
  title = {Semi-{R}iemannian Geometry With Applications to Relativity},
  publisher = {Academic Press},
  year = {1983},
  author = {B.~O'Neill},
  owner = {Ertan},
  timestamp = {2011.08.17}
}

@ARTICLE{ONeill:MMJ66,
  author = {O'Neill, B.},
  title = {The fundamental equations of a submersion},
  journal = {The Michigan Mathematical Journal},
  year = {1966},
  volume = {13},
  pages = {459--469}
}

@BOOK{Sakai:book96,
  title = {{R}iemannian Geometry},
  publisher = ams,
  year = 1996,
  author = {T. Sakai},
  volume = 149,
}

@book{DoCarmo:riemannian92,
	Address = {Boston, MA},
	Author = {M. P. do Carmo},
	Publisher = {Birkh\"auser},
	Title = {Riemannian geometry},
	Year = {1992}
}

@book{Udriste:book94,
	Author = {C. Udriste},
	Series = {Mathematics and Applications},
	Publisher = {Kluwer},
	Title = {Convex functions and optimization methods on {R}iemannian manifolds},
	Volume = 297,
	Year = 1994}

@book{Absil:book08,
	Address = {Princeton, NJ},
	Author = {P.-A. Absil and R. Mahony and R. Sepulchre},
	Publisher = {Princeton University Press},
	Title = {Optimization Algorithms on Matrix Manifolds},
	Year = {2008}}

@inproceedings{abed2004algorithms,
  title={Algorithms for joint block diagonalization},
  author={K. Abed-Meraim  and A. Belouchrani},
  booktitle={Proc. EUSIPCO},
  volume=4,
  pages={209--212},
  year=2004
}

@book{Bott:book13,
  title={Differential forms in algebraic topology},
  author={R. Bott and L. W. Tu},
  volume={82},
  year={2013},
  publisher={Springer Science \& Business Media}
}