@inproceedings{bourmaud2013discrete,
  title={Discrete extended {K}alman filter on {L}ie groups},
  author={Bourmaud, Guillaume and M{\'e}gret, R{\'e}mi and Giremus, Audrey and Berthoumieu, Yannick},
  booktitle={European Signal Processing Conference},
  pages={1--5},
  year={2013},
  organization={IEEE}
}

@inproceedings{bonnabel2009invariant,
  title={{I}nvariant {E}xtended {K}alman {F}ilter: theory and application to a velocity-aided attitude estimation problem},
  author={Bonnabel, Silv{\`e}re and Martin, Philippe and Sala{\"u}n, Erwan},
  booktitle=IEEE_C_CDC,
  pages={1297--1304},
  year={2009},
  organization={IEEE}
}

@inproceedings{lee2016global,
  title={Global unscented attitude estimation via the matrix {F}isher distributions on ${SO(3)}$},
  author={Lee, Taeyoung},
  booktitle=IEEE_C_ACC,
  pages={4942--4947},
  year={2016},
}

@inproceedings{leonardos2016articulated,
  title={Articulated motion estimation from a monocular image sequence using spherical tangent bundles},
  author={Leonardos, Spyridon and Zhou, Xiaowei and Daniilidis, Kostas},
  booktitle=IEEE_C_ICRA,
  pages={587--593},
  year={2016},
}

@article{gilitschenski2015unscented,
  title={Unscented orientation estimation based on the Bingham distribution},
  author={Gilitschenski, Igor and Kurz, Gerhard and Julier, Simon J and Hanebeck, Uwe D},
  journal=IEEE_J_AC,
  volume=61,
  number=1,
  pages={172--177},
  year=2015,
  publisher={IEEE}
}
