@article{Subbarao:ijcv09,
  title={Nonlinear mean shift over Riemannian manifolds},
  author={R. Subbarao and P. Meer},
  journal=IJCV,
  volume={84},
  number={1},
  pages={1--20},
  year={2009},
  publisher={Springer}
}

@inproceedings{Subbarao:cvpr08,
  title={Robust unambiguous parametrization of the essential manifold},
  author={R. Subbarao and Y. Genc and P. Meer},
  booktitle=IEEE_C_CVPR,
  pages={1--8},
  year={2008},
  organization={IEEE}
}

@article{Edelman:sjmaa98,
  title={The geometry of algorithms with orthogonality constraints},
  author={A. Edelman and T. A. Arias and S. T. Smith},
  journal=SIAM_J_MAA,
  volume={20},
  number={2},
  pages={303--353},
  year={1998},
  publisher={SIAM}
}

@book{Chirikjian:book10,
  title={Engineering applications of noncommutative harmonic analysis: {W}ith emphasis on rotation and motion groups},
  author={G. S. Chirikjian and A. B. Kyatkin},
  year=2010,
  publisher={CRC press}
}

@article{Afsari:SICON13,
  title={On the convergence of gradient descent for finding the {R}iemannian center of mass},
  author={B. Afsari and R. Tron and R. Vidal},
  journal=SIAM_J_CO,
  volume={51},
  number={3},
  pages={2230--2260},
  year={2013},
  publisher={SIAM}
}

@incollection{Dubbelman:ECCV12,
  title={Manifold statistics for essential matrices},
  author={G. Dubbelman and L. Dorst and H. Pijls},
  booktitle=IEEE_C_ECCV,
  pages={531--544},
  year=2012,
  publisher={Springer}
}
