@article{Avidan:IJCV07,
  title={Centralized and distributed multi-view correspondence},
  author={S. Avidan and Y. Moses and Y. Moses},
  journal=IJCV,
  volume={71},
  number={1},
  pages={49--69},
  year={2007},
  publisher={Springer}
}

@article{Cheng:ASP07,
	Author = {Z. Cheng and D. Devarajan and R. Radke},
	Journal = EURASIP_ASP,
	Number = {1},
	Volume = {1},
	Pages = {220--220},
	Title = {Determining vision graphs for distributed camera networks using feature digests},
	Year = {2007},
}

@inproceedings{Yeo:ICIP08,
  title={Rate-efficient visual correspondences using random projections},
  author={C. Yeo and P. Ahammad and K. Ramchandran},
  booktitle= ICIP,
  pages={217--220},
  year={2008},
}

@inproceedings{Chandrasekhar:CVPR09,
  title={{CHoG}: Compressed histogram of gradients a low bit-rate feature descriptor},
  author={V. Chandrasekhar and G. Takacs and D. Chen and S. Tsai and R. Grzeszczuk and B. Girod},
  booktitle=IEEE_C_CVPR,
  pages={2504--2511},
  year={2009},
}

@article{Ermis:TIP10,
  title={Activity based matching in distributed camera networks},
  author={E. B. Ermis and P. Clarot and P.-M. Jodoin and V. Saligrama},
  journal=IEEE_J_IP,
  volume={19},
  number={10},
  pages={2595--2613},
  year={2010},
  publisher={IEEE}
}


@article{Wang:JEI13,
  title={Compact local color descriptor based on quaternion principle component analysis},
  author={Q. Wang and Z. Wang},
  journal={Journal of Electronic Imaging},
  volume={22},
  number={3},
  pages={033021},
  year={2013},
  publisher={International Society for Optics and Photonics}
}


@article{Yeo:IJCV11,
  title={Coding of image feature descriptors for distributed rate-efficient visual correspondences},
  author={C. Yeo and P. Ahammad and K. Ramchandran},
  journal=IJCV,
  volume={94},
  number={3},
  pages={267--281},
  year={2011},
  publisher={Springer}
}

@inproceedings{Chandrasekhar:EI09,
  title={Transform coding of image feature descriptors},
  author={V. Chandrasekhar and G. Takacs and D. Chen and S. S. Tsai and J. Singh and B. Girod},
  booktitle=SPIE_EI,
  pages={725710},
  year={2009},
  organization={International Society for Optics and Photonics}
}

@article{Sulic:CASVT11,
  title={Efficient feature distribution for object matching in visual-sensor networks},
  author={V. Suli{\'c} and J. Per{\v{s}} and M. Kristan and S. Kova{\v{c}}i{\v{c}}},
  journal=IEEE_J_CASVT,
  volume={21},
  number={7},
  pages={903--916},
  year={2011},
  publisher={IEEE}
}
