@inproceedings{Weiss:NIPS09,
  title={Spectral hashing},
  author={Y. Weiss and A. Torralba and R. Fergus},
  booktitle=NIPS,
  pages={1753--1760},
  year={2009}
}

@article{Salakhutdinov:IJAR09,
  title={Semantic hashing},
  author={R. Salakhutdinov and G. Hinton},
  journal={International Journal of Approximate Reasoning},
  volume={50},
  number={7},
  pages={969--978},
  year={2009},
  publisher={Elsevier}
}

@inproceedings{Indyk:TC98,
  title={Approximate nearest neighbors: towards removing the curse of dimensionality},
  author={P. Indyk and R. Motwani},
  booktitle=ACM_C_TC,
  pages={604--613},
  year={1998},
}

@inproceedings{Charikar:TC02,
  title={Similarity estimation techniques from rounding algorithms},
  author={M. S. Charikar},
  booktitle=ACM_C_TC,
  pages={380--388},
  year={2002},
  organization={ACM}
}

@inproceedings{Georgescu:CVPR03,
  title={Mean shift based clustering in high dimensions: A texture classification example},
  author={B. Georgescu and I. Shimshoni and P. Meer},
  booktitle=IEEE_C_ICCV,
  pages={456--463},
  year={2003},
}

@inproceedings{Shakhnarovich:ICCV03,
  title={Fast pose estimation with parameter-sensitive hashing},
  author={G. Shakhnarovich and P. Viola and T. Darrell},
  booktitle=IEEE_C_ICCV,
  pages={750--757},
  year={2003},
}
