@inproceedings{Beis:CVPR97,
  title={Shape indexing using approximate nearest-neighbour search in high-dimensional spaces},
  author={J. S. Beis and D. G. Lowe},
  booktitle=IEEE_C_CVPR,
  pages={1000--1006},
  year={1997},
}

@inproceedings{Leibe:BMVC06,
  title={Efficient Clustering and Matching for Object Class Recognition.},
  author={Leibe, Bastian and Mikolajczyk, Krystian and Schiele, Bernt},
  booktitle=BMVC,
  pages={789--798},
  year={2006}
}
