@inproceedings{Mikolajczyk:ICCV07,
  title={Improving descriptors for fast tree matching by optimal linear projection},
  author={K. Mikolajczyk and J. Matas},
  booktitle=IEEE_C_ICCV,
  pages={1--8},
  year={2007},
  organization={IEEE}
}

@article{Cai:PAMI11,
  title={Learning linear discriminant projections for dimensionality reduction of image descriptors},
  author={H. Cai and K. Mikolajczyk and J. Matas},
  journal=IEEE_J_PAMI,
  volume={33},
  number={2},
  pages={338--352},
  year={2011},
  publisher={IEEE}
}

@inproceedings{Ke:CVPR04,
  title={{PCA-SIFT}: A more distinctive representation for local image descriptors},
  author={Y. Ke and R. Sukthankar},
  booktitle=IEEE_C_CVPR,
  volume={2},
  pages={506},
  year={2004},
}
