@inproceedings{Winder:CVPR07,
  title={Learning local image descriptors},
  author={S. A. J. Winder and M. Brown},
  booktitle=IEEE_C_CVPR,
  pages={1--8},
  year={2007},
  organization={IEEE}
}

@inproceedings{Jain:CVPR08,
  title={Fast image search for learned metrics},
  author={P. Jain and B. Kulis and K. Grauman},
  booktitle=IEEE_C_CVPR,
  pages={1--8},
  year={2008},
  organization={IEEE}
}

