@BOOK{Golub:BOOK96,
  title = {Matrix computations},
  publisher = {Johns Hopkins University Press},
  year = {1996},
  author = {G. H. Golub and C. F. Van Loan},
  volume = {3}
}

@article{Wittenburg:MSD03,
  title={Decomposition of a finite rotation into three rotations about given axes},
  author={J. Wittenburg and L. Lilov},
  journal={Multibody System Dynamics},
  volume={9},
  number={4},
  pages={353--375},
  year={2003},
}

@book{Armstrong:book88,
  title={Groups and symmetry},
  author={M. A. Armstrong and and G. Iooss and D. D. Joseph},
  year={1988},
  publisher={Springer}
}

@article{Gower:Psychometrika75,
  title={Generalized {P}rocrustes analysis},
  author={J. C. Gower},
  journal={Psychometrika},
  volume={40},
  number={1},
  pages={33--51},
  year={1975},
  publisher={Springer}
}

@book{Rey:Book12,
  title={Introduction to robust and quasi-robust statistical methods},
  author={W. Rey},
  year={2012},
  publisher={Springer Science \& Business Media}
}

@book{Ghrist:Book14,
  title={Elementary applied topology},
  author={R. Ghrist},
  publisher={Createspace},
  edition={1st},
  year={2014}
}

@book{zhang2006schur,
  title={The Schur complement and its applications},
  author={Zhang, Fuzhen},
  volume={4},
  year={2006},
  publisher={Springer Science \& Business Media}
}

@article{doraiswamy2009efficient,
  title={Efficient algorithms for computing Reeb graphs},
  author={Doraiswamy, Harish and Natarajan, Vijay},
  journal={Computational Geometry},
  volume={42},
  number={6-7},
  pages={606--616},
  year={2009},
  publisher={Elsevier}
}

@incollection{bottou2004stochastic,
  title={Stochastic learning},
  author={Bottou, L{\'e}on},
  booktitle={Advanced lectures on machine learning},
  pages={146--168},
  year={2004},
  publisher={Springer}
}

@book{horn2012matrix,
  title={Matrix analysis},
  author={Horn, Roger A and Johnson, Charles R},
  year={2012},
  publisher={Cambridge university press}
}

@book{arnol2013mathematical,
  title={Mathematical methods of classical mechanics},
  author={Arnol'd, Vladimir Igorevich},
  volume={60},
  year={2013},
  publisher={Springer Science \& Business Media}
}

@article{smith1968characterization,
  title={A characterization of star-shaped sets},
  author={Smith, CR},
  journal={The American Mathematical Monthly},
  volume={75},
  number={4},
  pages={386--386},
  year={1968},
  publisher={JSTOR}
}
