@misc{REU,
    author={{REU}},
    howpublished = "NSF Research Experiences for Undergraduates",
    url = "http://www.nsf.gov/funding/pgm\_summ.jsp?pims\_id=5517",
    }

@misc{UROP,
    author={{UROP}},
    howpublished = "Undergraduate Research Opportunity Program",
    url = "http://www.bu.edu/urop/",
    }

@misc{MITControlClass,
    author={S. Karaman},
    howpublished = "16.30 Feedback Control Systems",
    url = "http://fast.scripts.mit.edu/dronecontrol/",
    }
