@article{Mundermann:JNER06,
  title={The evolution of methods for the capture of human movement leading to markerless motion capture for biomechanical applications},
  author={L. M{\"u}ndermann and S. Corazza and T. P. Andriacchi},
  journal={Journal of NeuroEngineering and Rehabilitation},
  volume={3},
  number={1},
  pages={1},
  year={2006},
  publisher={Bio{M}ed Central}
}

@article{Corazza:JB07,
  title={A framework for the functional identification of joint centers using markerless motion capture, validation for the hip joint},
  author={S. Corazza and L. M{\"u}ndermann and T. Andriacchi},
  journal={Journal of Biomechanics},
  volume={40},
  number={15},
  pages={3510--3515},
  year={2007},
  publisher={Elsevier}
}

@article{Sven:IFAC13,
author = {Nomm, S. and Buhhalko, K.},
journal = {IFAC Proceedings Volumes},
number = {15},
pages = {249--253},
publisher = {Elsevier},
title = {Monitoring of the human motor functions rehabilitation by neural networks based system with {K}inect sensor},
volume = {46},
year = {2013}
}

@article{Surer:GP11,
author = {Surer, E. and Cereatti, A. and Grosso, E. and {Della Croce}, U.},
journal = {Gait {\&} posture},
number = {4},
pages = {532--537},
publisher = {Elsevier},
title = {A markerless estimation of the ankle--foot complex {2D} kinematics during stance},
volume = {33},
year = {2011}
}
@article{Sandau:MEP14,
author = {Sandau, Martin and Koblauch, Henrik and Moeslund, Thomas B and Aan{\ae}s, Henrik and Alkj{\ae}r, Tine and Simonsen, Erik B},
journal = {Medical engineering {\&} physics},
number = {9},
pages = {1168--1175},
publisher = {Elsevier},
title = {Markerless motion capture can provide reliable {3D} gait kinematics in the sagittal and frontal plane},
volume = {36},
year = {2014}
}
@article{Gritsenko:PO15,
author = {Gritsenko, Valeriya and Dailey, Eric and Kyle, Nicholas and Taylor, Matt and Whittacre, Sean and Swisher, Anne K},
journal = PLOS_O,
number = {6},
pages = {e0128809},
publisher = {Public Library of Science},
title = {Feasibility of using low-cost motion capture for automated screening of shoulder motion limitation after breast cancer surgery},
volume = {10},
year = {2015}
}

@article{Castelli:CMMM15,
author = {Castelli, Andrea and Paolini, Gabriele and Cereatti, Andrea and {Della Croce}, Ugo},
journal = {Computational and mathematical methods in medicine},
publisher = {Hindawi Publishing Corporation},
title = {A {2D} markerless gait analysis methodology: validation on healthy subjects},
year = {2015}
}

@article{Holte:JSTSP12,
author = {Holte, Michael B and Tran, Cuong and Trivedi, Mohan M and Moeslund, Thomas B},
journal = IEEE_J_STSP,
number = {5},
pages = {538--552},
publisher = {IEEE},
title = {Human pose estimation and activity recognition from multi-view videos: Comparative explorations of recent developments},
volume = {6},
year = {2012}
}

@article{Webster:JNR14,
author = {Webster, David and Celik, Ozkan},
journal = {Journal of neuroengineering and rehabilitation},
number = {1},
pages = {108},
publisher = {BioMed Central},
title = {Systematic review of {K}inect applications in elderly care and stroke rehabilitation},
volume = {11},
year = {2014}
}

@inproceedings{Webster:HAPTICS14,
author = {Webster, David and Celik, Ozkan},
booktitle = IEEE_C_HAPTICS,
organization = {IEEE},
pages = {455--460},
title = {Experimental evaluation of {M}icrosoft {K}inect's accuracy and capture rate for stroke rehabilitation applications},
year = {2014}
}

@inproceedings{Mundermann:EI06,
author = {M\"{u}ndermann, Lars and Corazza, Stefano and Chaudhari, Ajit M and Andriacchi, Thomas P and Sundaresan, Aravind and Chellappa, Rama},
booktitle = {Electronic Imaging},
organization = {International Society for Optics and Photonics},
pages = {60560R----60560R},
title = {Measuring human movement for biomechanical applications using markerless motion capture},
year = 2006
}
