@article{Ochs:PAMI14,
  title={Segmentation of moving objects by long term video analysis},
  author={P. Ochs and J. Malik and T. Brox},
  journal=IEEE_J_PAMI,
  volume={36},
  number={6},
  pages={1187--1200},
  year={2014},
  publisher={IEEE}
}

@inproceedings{Keuper:ICCV15,
  title={Motion trajectory segmentation via minimum cost multicuts},
  author={Keuper, Margret and Andres, Bjoern and Brox, Thomas},
  booktitle=IEEE_C_ICCV,
  pages={3271--3279},
  year={2015}
}
