@article{Howard:IJRR06,
  title={Multi-robot simultaneous localization and mapping using particle filters},
  author={A. Howard},
  journal=IJRR,
  volume={25},
  number={12},
  pages={1243--1256},
  year={2006},
  publisher={SAGE Publications}
}

@inproceedings{Andersson:ICRA08,
  title={{C-SAM}: Multi-robot {SLAM} using square root information smoothing},
  author={L. A. A. Andersson and J. Nygards},
  booktitle=IEEE_C_ICRA,
  pages={2798--2805},
  year={2008},
}

@article{Leung:JIRS12,
  title={Decentralized cooperative SLAM for sparsely-communicating robot networks: a centralized-equivalent approach},
  author={K. Y. K. Leung and T. D. Barfoot and H. H. T. Liu},
  journal={Journal of Intelligent \& Robotic Systems},
  volume={66},
  number={3},
  pages={321--342},
  year={2012},
  publisher={Springer}
}

@inproceedings{Melnyk:ICRA12,
  title={Cooperative vision-aided inertial navigation using overlapping views},
  author={I. V. Melnyk and J. Hesch and S. Roumeliotis},
  booktitle=IEEE_C_ICRA,
  pages={936--943},
  year={2012},
}

@inproceedings{Cunningham:ICRA12,
  title={Fully distributed scalable smoothing and mapping with robust multi-robot data association},
  author={Cunningham, Alexander and Wurm, Kai M and Burgard, Wolfram and Dellaert, Frank},
  booktitle=IEEE_C_ICRA,
  pages={1093--1100},
  year={2012},
}

@article{Konolige:PIEEE06,
  title={Distributed multi-robot exploration and mapping},
  author={D. Fox and  J. Ko and K. Konolige and B. Limketkai and D. Schulz and B. Stewart},
  journal=IEEE_J_PROC,
  year={2006}
}

@inproceedings{Zhou:IROS06,
  title={Multi-robot SLAM with unknown initial correspondence: The robot rendezvous case},
  author={X. S. Zhou and S. Roumeliotis},
  booktitle=IEEE_C_IROS,
  pages={1785--1792},
  year={2006},
}

@inproceedings{Carlone:ICRA10,
  title={Rao-blackwellized particle filters multi robot slam with unknown initial correspondences and limited communication},
  author={L. Carlone and M. K. Ng and J. Du and B. Bona and M. Indri},
  booktitle=IEEE_C_ICRA,
  pages={243--249},
  year={2010},
}

@inproceedings{Kim:ICRA10,
  title={Multiple relative pose graphs for robust cooperative mapping},
  author={B. Kim and M. Kaess and L. Fletcher and J. Leonard and A. Bachrach and N. Roy and S. Teller},
  booktitle=IEEE_C_ICRA,
  pages={3185--3192},
  year={2010},
}

@article{Indelman:IJRR12,
  title={Graph-based distributed cooperative navigation for a general multi-robot measurement model},
  author={V. Indelman and P. Gurfil and E. Rivlin and H. Rotstein},
  journal=IJRR,
  pages={1057-1080},
  year={2012},
  publisher={SAGE Publications}
}

@inproceedings{Indelman:ICRA14,
  title={Multi-robot pose graph localization and data association from unknown initial relative poses via expectation maximization},
  author={V. Indelman and E. Nelson and N. Michael and F. Dellaert},
  booktitle=IEEE_C_ICRA,
  pages={593--600},
  year={2014},
}

@INPROCEEDINGS{Dong:ICRA15,
author={J. Dong and E. Nelson and V. Indelman and N. Michael and F. Dellaert},
booktitle=IEEE_C_ICRA,
title={Distributed real-time cooperative localization and mapping using an uncertainty-aware expectation maximization approach},
year={2015},
pages={5807-5814},
}

@inproceedings{Fenwick:ICRA02,
  title={Cooperative concurrent mapping and localization},
  author={J. W. Fenwick and P. M. Newman and J. J. Leonard},
  booktitle=IEEE_C_ICRA,
  volume={2},
  pages={1810--1817},
  year={2002},
}

@inproceedings{Nettleton:FSR06,
  title={Decentralised {SLAM} with low-bandwidth communication for teams of vehicles},
  author={E. Nettleton and S. Thrun and H. Durrant-Whyte and S. Sukkarieh},
  booktitle={Field and Service Robotics},
  pages={179--188},
  year={2006},
  organization={Springer}
}

@inproceedings{Reece:FUSION05,
  title={Robust, low-bandwidth, multi-vehicle mapping},
  author={S. Reece and S. Roberts},
  booktitle=FUSION,
  volume={2},
  pages={8--pp},
  year={2005},
}

@article{Thrun:IJRR04,
  title={Simultaneous localization and mapping with sparse extended information filters},
  author={S. Thrun and Y. Liu and D. Koller and A. Y. Ng and Z. Ghahramani and H. Durrant-Whyte},
  journal=IJRR,
  volume={23},
  number={7-8},
  pages={693--716},
  year={2004},
  publisher={SAGE Publications}
}

@article{Howard:PIEEE06,
  title={Multirobot simultaneous localization and mapping using manifold representations},
  author={A. Howard and G. S. Sukhatme and M. J. Matari{\'c}},
  journal=IEEE_J_PROC,
  volume={94},
  number={7},
  pages={1360--1369},
  year={2006},
  publisher={IEEE}
}


@article{Merino:RAM06,
  title={Vision-based multi-UAV position estimation},
  author={L. Merino and J. Wiklund and F. Caballero and A. Moe and J. R. M. De Dios and P.-E. Forssen and K. Nordberg and A. Ollero},
  journal=IEEE_M_RA,
  volume={3},
  number={13},
  pages={53--62},
  year={2006}
}


@incollection{Cornejo:AFR15,
  title={Distributed Range-Based Relative Localization of Robot Swarms},
  author={A. Cornejo and  R. Nagpal},
  booktitle={Algorithmic Foundations of Robotics XI},
  pages={91--107},
  year={2015},
  publisher={Springer}
}

@inproceedings{Giguere:IROS12,
  title={I see you, you see me: Cooperative localization through bearing-only mutually observing robots},
  author={P. Giguere and I. Rekleitis and M. Latulippe},
  booktitle=IEEE_C_IROS,
  pages={863--869},
  year={2012},
  organization={IEEE}
}

@inproceedings{Atanasov:CDC14,
  title={Joint estimation and localization in sensor networks},
  author={N. Atanasov and R. Tron and V. M. Preciado and G. J. Pappas},
  booktitle=IEEE_C_CDC,
  pages={6875--6882},
  year={2014},
  organization={IEEE}
}

@article{Gil:RAS10,
  title={Multi-robot visual {SLAM} using a {R}ao-{B}lackwellized particle filter},
  author={A. Gil and {\'O}. Reinoso and M. Ballesta and M. Juli{\'a}},
  journal=RAS,
  volume={58},
  number={1},
  pages={68--80},
  year={2010},
  publisher={Elsevier}
}

@article{Aragues:TRO12,
  title={Distributed consensus on robot networks for dynamically merging feature-based maps},
  author={R. Aragues and J. Cortes and C. Sagues},
  journal=IEEE_J_RA,
  volume={28},
  number={4},
  pages={840--854},
  year={2012},
  publisher={IEEE}
}

@inproceedings{Choudhary:IROS15,
  title={Exactly sparse memory efficient {SLAM} using the multi-block alternating direction method of multipliers},
  author={S. Choudhary and L. Carlone and H. I. Christensen and F. Dellaert},
  booktitle=IEEE_C_IROS,
  pages={1349--1356},
  year={2015},
  organization={IEEE}
}
