@article{wu1985network,
  title={Network observability: theory},
  author={Wu, Felix F and Monticelli, A},
  journal=IEEE_J_PWRAS,
  volume={PAS-104},
  number={5},
  pages={1042--1048},
  year={1985},
  publisher={IEEE}
}

@article{liu2013observability,
  title={Observability of complex systems},
  author={Liu, Yang-Yu and Slotine, Jean-Jacques and Barab{\'a}si, Albert-L{\'a}szl{\'o}},
  journal={Proceedings of the National Academy of Sciences},
  volume={110},
  number={7},
  pages={2460--2465},
  year={2013},
  publisher={National Academy of Sciences}
}

@article{gao2014target,
  title={Target control of complex networks},
  author={Gao, Jianxi and Liu, Yang-Yu and D'souza, Raissa M and Barab{\'a}si, Albert-L{\'a}szl{\'o}},
  journal={Nature communications},
  volume={5},
  year={2014},
  publisher={Nature Publishing Group}
}

@inproceedings{howard2015gauge,
  title={Gauge-invariant registration in networks},
  author={Howard, Stephen D and Cochran, Douglas and Moran, William},
  booktitle=IEEE_C_FUSION,
  pages={1526--1532},
  year={2015},
  organization={IEEE}
}

@article{lin1974structural,
  title={Structural controllability},
  author={Lin, Ching-Tai},
  journal=IEEE_J_AC,
  volume={19},
  number={3},
  pages={201--208},
  year={1974},
  publisher={IEEE}
}

@article{pasqualetti2014controllability,
  title={Controllability metrics, limitations and algorithms for complex networks},
  author={Pasqualetti, Fabio and Zampieri, Sandro and Bullo, Francesco},
  journal={IEEE Transactions on Control of Network Systems},
  volume={1},
  number={1},
  pages={40--52},
  year={2014},
  publisher={IEEE}
}

@article{mazzarella2013extending,
author = {Mazzarella, Luca and Ticozzi, Francesco and Sarlette, Alain},
number = {5},
pages = {2514--2537},
title = {Extending Robustness and Randomization from Consensus to Symmetrization Algorithms},
volume = {51},
year = {2013},
journal = SIAM_J_CO
}
