@article{langbort2004distributed,
author = {Langbort, C{\'{e}}dric and Chandra, Ramu Sharat and D'Andrea, Raffaello},
journal = IEEE_J_AC,
number = {9},
pages = {1502--1519},
title = {Distributed control design for systems interconnected over an arbitrary graph},
volume = {49},
year = {2004}
}

@inproceedings{tengfei2009lyapunov,
  title={Lyapunov formulation of {ISS} small-gain in dynamical networks},
  author={Tengfei, L and Hill, D and Jiang, ZP},
  booktitle=IEEE_C_CDC,
  pages={4204--4209},
  year={2009}
}

@inproceedings{ito2009small,
  title={On a small gain theorem for networks of iISS systems},
  author={Ito, Hiroshi and Dashkovskiy, Sergey and Wirth, Fabian},
  booktitle=IEEE_C_CDC,
  pages={4210--4215},
  year={2009},
  organization={IEEE}
}

@article{dashkovskiy2007iss,
  title={An {ISS} small gain theorem for general networks},
  author={Dashkovskiy, Sergey and R{\"u}ffer, Bj{\"o}rn S and Wirth, Fabian R},
  journal={Mathematics of Control, Signals, and Systems},
  volume={19},
  number={2},
  pages={93--122},
  year={2007},
  publisher={Springer}
}

@article{dashkovskiy2010small,
  title={Small gain theorems for large scale systems and construction of ISS Lyapunov functions},
  author={Dashkovskiy, Sergey N and R{\"u}ffer, Bj{\"o}rn S and Wirth, Fabian R},
  journal=SIAM_J_CO,
  volume={48},
  number={6},
  pages={4089--4118},
  year={2010},
  publisher={SIAM}
}
