
@article{Hoiem:IJCV08,
  title={Putting objects in perspective},
  author={D. Hoiem and A. A. Efros and M. Hebert},
  journal=IJCV,
  volume={80},
  number={1},
  pages={3--15},
  year={2008},
  publisher={Springer}
}

@article{Bao:IVC11,
  title={Toward coherent object detection and scene layout understanding},
  author={S. Y. Bao and M. Sun and S. Savarese},
  journal=IVC,
  volume={29},
  number={9},
  pages={569--579},
  year={2011},
  publisher={Elsevier}
}


@article{Alexe:PAMI12,
  title={Measuring the objectness of image windows},
  author={B. Alexe and T. Deselaers and V. Ferrari},
  journal=IEEE_J_PAMI,
  volume={34},
  number={11},
  pages={2189--2202},
  year={2012},
  publisher={IEEE}
}

@article{Carreira:PAMI12,
  title={{CPMC}: Automatic object segmentation using constrained parametric min-cuts},
  author={J. Carreira and C. Sminchisescu},
  journal=IEEE_J_PAMI,
  volume={34},
  number={7},
  pages={1312--1328},
  year={2012},
  publisher={IEEE}
}

@article{Endres:PAMI14,
  title={Category-independent object proposals with diverse ranking},
  author={I. Endres and D. Hoiem},
  journal=IEEE_J_PAMI,
  volume={36},
  number={2},
  pages={222--234},
  year={2014},
  publisher={IEEE}
}

@article{Uijlings:IJCV13,
  title={Selective search for object recognition},
  author={J. R. R. Uijlings and K. E. A. {van de Sande} and T. Gevers and A. W. M. Smeulders},
  journal=IJCV,
  volume={104},
  number={2},
  pages={154--171},
  year={2013},
  publisher={Springer}
}


@InProceedings{Manen:ICCV13,
title = {{Prime Object Proposals with Randomized Prim's Algorithm}},
author = {S. Man\'en and M. Guillaumin and L. {Van Gool}},
booktitle = IEEE_C_ICCV,
year = {2013},
}

@article{Felzenszwalb:PAMI10,
  title={Object detection with discriminatively trained part-based models},
  author={P. F. Felzenszwalb and R. B. Girshick and D. McAllester and D. Ramanan},
  journal=IEEE_J_PAMI,
  volume={32},
  number={9},
  pages={1627--1645},
  year={2010},
  publisher={IEEE}
}

@inproceedings{Krizhevsky:NIPS12,
  title={{ImageNet} classification with deep convolutional neural networks},
  author={A. Krizhevsky and I. Sutskever and G. E. Hinton},
  booktitle=NIPS,
  pages={1097--1105},
  year={2012}
}

@inproceedings{Csurka:WSLCV04,
  title={Visual categorization with bags of keypoints},
  author={G. Csurka and C. Dance and L. Fan and J. Willamowski and C. Bray},
  booktitle={{IEEE} European Conference on Computer Vision, Workshop on statistical learning in computer vision},
  volume=1,
  pages={1--22},
  year=2004,
}

@inproceedings{Sivic:ICCV03,
  title={{V}ideo {G}oogle: A text retrieval approach to object matching in videos},
  author={J. Sivic and A. Zisserman},
  booktitle=IEEE_C_ICCV,
  pages={1470--1477},
  year={2003},
}

@incollection{Zhou:ECCV10,
  title={Image classification using super-vector coding of local image descriptors},
  author={X. Zhou and K. Yu and T. Zhang and T. S. Huang},
  booktitle=ECCV,
  pages={141--154},
  year={2010},
  publisher={Springer}
}

@inproceedings{Jegou:CVPR10,
  title={Aggregating local descriptors into a compact image representation},
  author={H. J{\'e}gou and M. Douze and C. Schmid and P. P{\'e}rez},
  booktitle=IEEE_C_CVPR,
  pages={3304--3311},
  year={2010},
}

@incollection{Perronnin:ECCV10,
  title={Improving the {F}isher kernel for large-scale image classification},
  author={F. Perronnin and J. S{\'a}nchez and T. Mensink},
  booktitle=IEEE_C_ECCV,
  pages={143--156},
  year={2010},
  publisher={Springer}
}

@incollection{Zitnick:ECCV14,
  title={Edge boxes: Locating object proposals from edges},
  author={C. L. Zitnick and P. Doll{\'a}r},
  booktitle=IEEE_C_ECCV,
  pages={391--405},
  year={2014},
  publisher={Springer}
}

@inproceedings{Cheng:CVPR14,
  title={{BING}: Binarized normed gradients for objectness estimation at 300fps},
  author={M. M. Cheng and Z. Zhang and W.-Y. Lin and P. Torr},
  booktitle=IEEE_C_CVPR,
  pages={3286--3293},
  year={2014},
  organization={IEEE}
}

