@article{Powell:MP73,
  title={On search directions for minimization algorithms},
  author={Powell, Michael JD},
  journal={Mathematical programming},
  volume={4},
  number={1},
  pages={193--201},
  year={1973},
  publisher={Springer}
}

@article{Absil:JO05,
  title={Convergence of the iterates of descent methods for analytic cost functions},
  author={P.-A. Absil and R. Mahony and B. Andrews},
  journal={SIAM Journal on Optimization},
  volume={16},
  number={2},
  pages={531--547},
  year={2005},
}

@article{Benzi:JCP02,
  title={Preconditioning techniques for large linear systems: a survey},
  author={M. Benzi},
  journal=JCP,
  volume={182},
  number={2},
  pages={418--477},
  year={2002},
  publisher={Elsevier}
}

@misc{Grant:CVX08,
  title={CVX: Matlab software for disciplined convex programming},
  author={M. Grant and S. Boyd and Y. Ye},
  year={2008},
  howpublished="\url{http://cvxr.com/cvx/}"
}

@article{Boyd:FTML10,
  Title                    = {Distributed Optimization and Statistical Learning via the Alternating Direction Method of Multipliers},
  Author                   = {S. Boyd},
  Journal                  = {Foundations and Trends in Machine Learning},
  Year                     = {2010},
  Number                   = {1},
  Pages                    = {1--122},
  Volume                   = {3},

  Publisher                = {Now Publishers Inc.}
}

@article{Kuhn:NRLQ55,
  title={The {H}ungarian method for the assignment problem},
  author={Kuhn, Harold W},
  journal={Naval research logistics quarterly},
  volume={2},
  number={1-2},
  pages={83--97},
  year={1955},
  publisher={Wiley Online Library}
}

@article{Kuhn:NRLQ56,
  title={Variants of the Hungarian method for assignment problems},
  author={Kuhn, Harold W},
  journal={Naval Research Logistics Quarterly},
  volume={3},
  number={4},
  pages={253--258},
  year={1956},
  publisher={Wiley Online Library}
}

@inproceedings{bousquet2008tradeoffs,
  title={The tradeoffs of large scale learning},
  author={Bousquet, Olivier and Bottou, L{\'e}on},
  booktitle=NIPS,
  pages={161--168},
  year={2008}
}

@article{nedic2009distributed,
  title={Distributed subgradient methods for multi-agent optimization},
  author={Nedic, Angelia and Ozdaglar, Asuman},
  journal=IEEE_J_AC,
  volume={54},
  number={1},
  pages={48--61},
  year={2009},
  publisher={IEEE}
}

@article{rockafellar1974augmented,
  title={Augmented {L}agrange multiplier functions and duality in nonconvex programming},
  author={Rockafellar, R Tyrrell},
  journal=SIAM_J_CO,
  volume={12},
  number={2},
  pages={268--285},
  year={1974},
  publisher={SIAM}
}

@inproceedings{banjac2018infeasibility,
  title={Infeasibility detection in the alternating direction method of multipliers for convex optimization},
  author={Banjac, Goran and Goulart, Paul and Stellato, Bartolomeo and Boyd, Stephen},
  booktitle={International Conference on Control},
  pages={340--340},
  year={2018},
  organization={IEEE}
}
