@string{CVMRW = "Computational Vision and Mobile Robotics Workshop"}
@string{CVIU = "Computer Vision and Image Understanding"}
@string{RR = "Robotic Research"}
@string{RAS = "Robotics and Autonomous Systems"}
@string{AR = "Autonomous Robots"}
@string{RSS = "Robotics: Science and Systems"}
@string{ISER= "International Symposium on Experimental Robotics"}
@string{JCP = "Journal of Computational Physics"}
@string{JCPA = "Journal of Computational Physiology A"}
@string{JGCD = "Journal of Guidance, Control, and Dynamics"}
@string{JFR = "Journal of Field Robotics"}
@string{JEB = "Journal of Experimental Biology"}
@string{AIRD = "Artificial Intelligence Research and Development"}
@string{ACCV = "Asian Conference on Computer Vision"}
@string{ASCC = "Asian Control Conference"}
@string{IJCV = "International Journal of Computer Vision"}
@string{IVC = "Image and Vision Computing"}
@string{OMNIVIS = "Workshop on omnidirectional vision, camera networks and non-classical cameras"}
@string{ECC = "European Control Conference"}

@string{AUTOMATICA = "Automatica"}

@string{BMVC = "British Machine Vision Conference"}

@string{SCL ="Systems and Control Letters"}
@string{IJRR = "The International Journal of Robotics Research"}
@string{JAIR = "Journal of Artificial Intelligence Research"}
@string{JAP = "Journal of Applied Probability"}

@string{IVC = "Image and Vision Computing"}

@string{SIAM_J_MAA ="{SIAM} Journal on Matrix Analysis and Applications"}
@string{SIAM_J_O ="{SIAM} Journal on Optimization"}
@string{SIAM_J_C ="{SIAM} Journal on Computing"}
@string{SIAM_J_CO ="{SIAM} Journal on Control and Optimization"}
@string{SIAM_J_DM ="{SIAM} Journal on Discrete Mathematics"}
@string{SIAM_J_IS ="{SIAM} Journal on Imaging Sciences"}

@string{ACM_C_ISMAR="{IEEE} and {ACM} International Symposium on Mixed and Augmented Reality"}
@string{ACM_COMM="Communications of the {ACM}"}
@string{ACM_C_TC="{ACM} symposium on Theory of computing"}
@string{ACM_C_ICM="{ACM} international conference on Multimedia"}
@string{ACM_J="Journal of the {ACM}"}
@string{ACM_J_TOG="{ACM} Transactions on Graphics"}
@string{ACM_J_KDD="{ACM} Transactions on Knowledge Discovery from Data"}

@string{EURASIP_ASP = {{EURASIP} Journal of Applied Signal Processing}}

@string{JVCIR = "Journal of Visual Communication and 
Image Representation"}

@string{ARXIV = "ar{X}iv"}

@string{WILEY_J_RNC = "International Journal of Robust and Nonlinear Control"}

@string{FUSION = "International Conference on Information Fusion"}

@string{ICML = "International Conference on Machine Learning"}

@string{ICIAP = "International Conference on Image Analysis and Processing"}

@string{ICIP = "International Conference on Image Processing"}

@string{AAAI_NCAI = "AAAI National Conference on Artificial Intelligence"}

@string{AIAA = "American Institute of Aeronautics and Astronautics Journal"}

@string{FnTROB = "Foundations and Trends in Robotics"}

@string{SPIE_EI = "{SPIE} Electronic Imaging"}

@string{NIPS = "Neural Information Processing Systems"}

@string{PLOS_CB = "{PLoS} Computational Biology"}
@string{PLOS_O = "{PLoS} One"}

@string{ICLR = "International Conference on Learning Representations"}

@string{PNAS = "Proceedings of the National Academy of Sciences"}


@string{JWEIA = "Journal of Wind Engineering and Industrial Aerodynamics"}

@string{IFAC_P = "{IFAC} Proceedings Volumes"}

@string{IPSN= "{ACM/IEEE} International Conference on Information Processing in Sensor Networks"}
@string{WAFR= "International Workshop on Algorithmic Foundations of Robotics"}
@string{ISER= "International Symposium on Experimental Robotics"}

