@string{ CVMRW = "Comp. Vis. and Mob. Robot. Workshop"}
@string{ RR = "Robot. Research"}
@string{ RSS = "Robot.: Sci. Sys."}
@string{ JCPA = "J. Comp. Physiol. A"}