@Article{Giordano:IJRR12,
  author = 	 {P. R. Giordano and A. Franchi and C. Secchi and H. B\"ulthoff},
  title = 	 {A passivity-based decentralized strategy for generalized connectivity maintenance},
  journal = 	 IJRR,
  year = 	 {2012},
}

