@inproceedings{li2013locally,
author = {Li, Wei and Wang, Xiaogang},
booktitle = IEEE_C_ICCV,
pages = {3594--3601},
title = {Locally aligned feature transforms across views},
year = {2013}
}

@inproceedings{gray2007evaluating,
author = {Gray, Douglas and Brennan, Shane and Tao, Hai},
booktitle = {{IEEE} International Workshop on Performance Evaluation for Tracking and Surveillance},
number = {5},
title = {Evaluating appearance models for recognition, reacquisition, and tracking},
volume = {3},
year = {2007}
}

@inproceedings{wang2014person,
author = {Wang, Taiqing and Gong, Shaogang and Zhu, Xiatian and Wang, Shengjin},
booktitle = IEEE_C_ECCV,
mendeley-groups = {Pedestrian Re-ID},
organization = {Springer},
pages = {688--703},
title = {Person re-identification by video ranking},
year = {2014}
}

@INPROCEEDINGS{hirzer2011person,
  author = {Martin Hirzer and Csaba Beleznai and Peter M. Roth and Horst Bischof},
  title = {Person Re-Identification by Descriptive and Discriminative Classification},
  booktitle = {Scandinavian Conference on Image Analysis},
  year = {2011},
}

@article{zhang2017prism,
author = {Zhang, Ziming and Saligrama, Venkatesh},
journal = IEEE_J_CASVT,
number = {3},
pages = {499--512},
title = {{PRISM}: {P}erson {R}eidentification via {S}tructured {M}atching},
volume = {27},
year = {2017}
}
