@incollection{Zhang:ACCV10,
  title={{TILT}: transform invariant low-rank textures},
  author={Z. Zhang and X. Liang and A. Ganesh and Y. Ma},
  booktitle=ACCV,
  pages={314--328},
  year={2010},
  publisher={Springer}
}

@inproceedings{Lee:CVPR09,
  title={Geometric reasoning for single image structure recovery},
  author={D. C. Lee and M. Hebert and T. Kanade},
  booktitle=IEEE_C_CVPR,
  pages={2136--2143},
  year={2009},
  organization={IEEE}
}

@article{Hoiem:IJCV07,
  title={Recovering surface layout from an image},
  author={D. Hoiem and A. A. Efros and M. Hebert},
  journal=IJCV,
  volume={75},
  number={1},
  pages={151--172},
  year={2007},
  publisher={Springer}
}
