@book{orourke1987art,
  title={Art gallery theorems and algorithms},
  author={O'{R}ourke, Joseph},
  volume={57},
  year={1987},
  publisher={Oxford University Press}
}

@inproceedings{gonzalez2001randomized,
  title={A randomized art-gallery algorithm for sensor placement},
  author={Gonz{\'a}lez-Ba{\~n}os, H{\'e}ctor},
  booktitle={Computational geometry},
  pages={232--240},
  year={2001},
  organization={{ACM}}
}

@article{guibas1997visibility,
  title={Visibility-based pursuit-evasion in a polygonal environment},
  author={Guibas, Leonidas and Latombe, Jean-Claude and Lavalle, Steven and Lin, David and Motwani, Rajeev},
  journal={Algorithms and Data Structures},
  pages={17--30},
  year={1997},
  publisher={Springer}
}

@inproceedings{mitchell2013approximating,
  title={Approximating watchman routes},
  author={Mitchell, Joseph S. B. },
  booktitle={{ACM-SIAM} Symposium on Discrete Algorithms},
  pages={844--855},
  year={2013},
  organization={SIAM}
}

@inproceedings{khan2014maintaining,
  title={Maintaining a free-space-optical communication link between two autonomous mobiles},
  author={Khan, Mahmudur and Yuksel, Murat},
  booktitle={{IEEE} Wireless Communications and Networking Conference},
  pages={3154--3159},
  year={2014},
}

@inproceedings{sheckells2016optimal,
  title={Optimal Visual Servoing for differentially flat underactuated systems},
  author={Sheckells, Matthew and Garimella, Gowtham and Kobilarov, Marin},
  booktitle=IEEE_C_IROS,
  pages={5541--5548},
  year={2016},
  organization={IEEE}
}

@inproceedings{ozawa2011dynamic,
  title={Dynamic visual servoing with image moments for a quadrotor using a virtual spring approach},
  author={Ozawa, Ryuta and Chaumette, Fran{\c{c}}ois},
  booktitle=IEEE_C_ICRA,
  pages={5670--5676},
  year={2011},
  organization={IEEE}
}

@article{bhattacharya2007optimal,
  title={Optimal paths for landmark-based navigation by differential-drive vehicles with field-of-view constraints},
  author={Bhattacharya, Sourabh and Murrieta-Cid, Rafael and Hutchinson, Seth},
  journal=IEEE_J_RA,
  volume={23},
  number={1},
  pages={47--59},
  year={2007},
  publisher={IEEE}
}

@article{hayet2014motion,
  title={Motion planning for maintaining landmarks visibility with a differential drive robot},
  author={Hayet, Jean-Bernard and Carlos, Hugo and Esteves, Claudia and Murrieta-Cid, Rafael},
  journal={Robotics and Autonomous Systems},
  volume={62},
  number={4},
  pages={456--473},
  year={2014},
  publisher={Elsevier}
}

@article{mezouar2002path,
  title={Path planning for robust image-based control},
  author={Mezouar, Youcef and Chaumette, Fran{\c{c}}ois},
  journal=IEEE_J_RA,
  volume={18},
  number={4},
  pages={534--549},
  year={2002},
  publisher={IEEE}
}

@inproceedings{hafez2007path,
  title={Path planning approach to visual servoing with feature visibility constraints: A convex optimization based solution.},
  author={Hafez, AH Abdul and Nelakanti, Anil Kumar and Jawahar, CV},
  booktitle=IEEE_C_IROS,
  pages={1981--1986},
  year={2007}
}

@article{kazemi2013randomized,
  title={Randomized kinodynamic planning for robust visual servoing},
  author={Kazemi, Moslem and Gupta, Kamal K and Mehrandezh, Mehran},
  journal=IEEE_J_RA,
  volume={29},
  number={5},
  pages={1197--1211},
  year={2013},
  publisher={IEEE}
}


