@book{Choset:book05,
  title={Principles of robot motion: theory, algorithms, and implementation},
  author={H. M. Choset and K. M. Lynch and S. Hutchinson and G. Kantor and W. Burgard and L. Kavraki and S. Thrun},
  year=2005,
  publisher={MIT press}
}

@inproceedings{Karaman:ICRA11,
  title={Anytime motion planning using the {RRT*}},
  author={S. Karaman and M. R. Walter and A. Perez and E. Frazzoli and S. Teller},
  booktitle=IEEE_C_ICRA,
  pages={1478--1483},
  year={2011},
}

@article{Lavalle:IJRR01,
  title={Randomized kinodynamic planning},
  author={LaValle, Steven M and Kuffner, James J},
  journal=IJRR,
  volume={20},
  number={5},
  pages={378--400},
  year={2001},
  publisher={SAGE Publications}
}

@article{guibas1999visibility,
  title={A visibility-based pursuit-evasion problem},
  author={Guibas, Leonidas J and Latombe, Jean-Claude and LaValle, Steven M and Lin, David and Motwani, Rajeev},
  journal={International Journal of Computational Geometry \& Applications},
  volume={9},
  pages={471--493},
  year={1999},
  publisher={World Scientific}
}

@article{hart1968formal,
  title={A formal basis for the heuristic determination of minimum cost paths},
  author={Hart, Peter E and Nilsson, Nils J and Raphael, Bertram},
  journal=IEEE_J_SSC,
  volume={4},
  number={2},
  pages={100--107},
  year={1968},
  publisher={IEEE}
}
