@article{porta2012randomized,
  title={Randomized path planning on manifolds based on higher-dimensional continuation},
  author={Porta, Josep M and Jaillet, L{\'e}onard and Bohigas, Oriol},
  journal=IJRR,
  volume={31},
  number={2},
  pages={201--215},
  year={2012},
  publisher={Sage Publications}
}

@article{jaillet2013asymptotically,
  title={Asymptotically-optimal path planning on manifolds},
  author={Jaillet, L{\'e}onard and Porta, Josep M},
  journal=RSS,
  pages={145},
  year={2013},
  publisher={MIT Press}
}

@inproceedings{zefran1996planning,
  title={Planning of smooth motions on ${SE(3)}$},
  author={Zefran, Milos and Kumar, Vijay},
  booktitle=IEEE_C_ICRA,
  volume={1},
  pages={121--126},
  year={1996},
  organization={IEEE}
}

@article{zefran1998generation,
  title={On the generation of smooth three-dimensional rigid body motions},
  author={Zefran, Milos and Kumar, Vijay and Croke, Christopher B},
  journal={IEEE Transactions on Robotics and Automation},
  volume={14},
  number={4},
  pages={576--589},
  year={1998},
  publisher={IEEE}
}

@book{jean2014control,
  title={Control of nonholonomic systems: from sub-Riemannian geometry to motion planning},
  author={Jean, Fr{\'e}d{\'e}ric},
  year={2014},
  publisher={Springer}
}

