@inproceedings{panagou2013multi,
  title={Multi-objective control for multi-agent systems using Lyapunov-like barrier functions},
  author={Panagou, Dimitra and Stipanovic, Dusan M and Voulgaris, Petros G},
  booktitle={Decision and Control (CDC), 2013 IEEE 52nd Annual Conference on},
  pages={1478--1483},
  year={2013},
  organization={IEEE}
}

@article{ji2007distributed,
  title={Distributed coordination control of multiagent systems while preserving connectedness},
  author={Ji, Meng and Egerstedt, Magnus},
  journal={IEEE Transactions on Robotics},
  volume={23},
  number={4},
  pages={693--703},
  year={2007},
  publisher={IEEE}
}

@article{mastellone2008formation,
  title={Formation control and collision avoidance for multi-agent non-holonomic systems: Theory and experiments},
  author={Mastellone, Silvia and Stipanovi{\'c}, Du{\v{s}}an M and Graunke, Christopher R and Intlekofer, Koji A and Spong, Mark W},
  journal={The International Journal of Robotics Research},
  volume={27},
  number={1},
  pages={107--126},
  year={2008},
  publisher={Sage Publications Sage UK: London, England}
}

@inproceedings{luo2016distributed,
  title={Distributed dynamic priority assignment and motion planning for multiple mobile robots with kinodynamic constraints},
  author={Luo, Wenhao and Chakraborty, Nilanjan and Sycara, Katia},
  booktitle=IEEE_C_ACC,
  pages={148--154},
  year={2016},
}

@inproceedings{bhattacharya2010multi,
  title={Multi-agent path planning with multiple tasks and distance constraints},
  author={Bhattacharya, Subhrajit and Likhachev, Maxim and Kumar, Vijay},
  booktitle=IEEE_C_ICRA,
  pages={953--959},
  year={2010},
  organization={IEEE}
}

@article{yu2016optimal,
  title={Optimal multirobot path planning on graphs: Complete algorithms and effective heuristics},
  author={Yu, Jingjin and LaValle, Steven M},
  journal=IEEE_J_RA,
  volume={32},
  number={5},
  pages={1163--1177},
  year={2016},
  publisher={IEEE}
}

@article{turpin2014capt,
  title={{CAPT}: Concurrent assignment and planning of trajectories for multiple robots},
  author={Turpin, Matthew and Michael, Nathan and Kumar, Vijay},
  journal=IJRR,
  volume={33},
  number={1},
  pages={98--112},
  year={2014},
  publisher={SAGE Publications Sage UK: London, England}
}
