@incollection{cortes2004sampling,
  title={Sampling-based motion planning under kinematic loop-closure constraints},
  author={Cort{\'e}s, Juan and Sim{\'e}on, Thierry},
  booktitle={Algorithmic Foundations of Robotics VI},
  pages={75--90},
  year={2004},
  publisher={Springer}
}

@inproceedings{lavalle1999probabilistic,
  title={A probabilistic roadmap approach for systems with closed kinematic chains},
  author={LaValle, Steven M and Yakey, Jeffery H and Kavraki, Lydia E},
  booktitle={Robotics and Automation, 1999. Proceedings. 1999 IEEE International Conference on},
  volume={3},
  pages={1671--1676},
  year={1999},
  organization={IEEE}
}

@inproceedings{han2000kinematics,
  title={A kinematics-based probabilistic roadmap method for closed chain systems},
  author={Han, Li and Amato, N. M.},
  booktitle=WAFR,
  year={2000},
}

@article{basu2000computing,
  title={Computing roadmaps of semi-algebraic sets on a variety},
  author={Basu, Saugata and Pollack, Richard and Roy, Marie-Fran{\c{c}}oise},
  journal={Journal of the American Mathematical Society},
  volume={13},
  number={1},
  pages={55--82},
  year={2000}
}

@incollection{nielsen1998formulation,
  title={Formulation and solution for the direct and inverse kinematics problems for mechanisms and mechatronics systems},
  author={Nielsen, James and Roth, Bernard},
  booktitle={Computational Methods in Mechanical Systems},
  pages={33--52},
  year={1998},
  publisher={Springer}
}

@book{merlet2006parallel,
  title={Parallel robots},
  author={Merlet, Jean-Pierre},
  volume={128},
  year={2006},
  publisher={Springer Science \& Business Media}
}

@inproceedings{porta2003branch,
  title={A branch-and-prune algorithm for solving systems of distance constraints},
  author={Porta, Josep M and Thomas, Federico and Ros, Llu{\'\i}s and Torras, Carme},
  year={2003},
  booktitle=IEEE_C_ICRA,
  pages={342-348}
}

@article{yakey2001randomized,
  title={Randomized path planning for linkages with closed kinematic chains},
  author={Yakey, Jeffery Howard and LaValle, Steven M and Kavraki, Lydia E},
  journal=IEEE_C_ICRA,
  volume={17},
  number={6},
  pages={951--958},
  year={2001},
}

@article{berenson2011task,
  title={Task space regions: A framework for pose-constrained manipulation planning},
  author={Berenson, Dmitry and Srinivasa, Siddhartha and Kuffner, James},
  journal={The International Journal of Robotics Research},
  volume={30},
  number={12},
  pages={1435--1460},
  year={2011},
  publisher={SAGE Publications Sage UK: London, England}
}

@article{jaillet2013path,
  title={Path planning under kinematic constraints by rapidly exploring manifolds},
  author={Jaillet, L{\'e}onard and Porta, Josep M},
  journal=IEEE_J_RA,
  volume={29},
  number={1},
  pages={105--117},
  year={2013},
  publisher={IEEE}
}

@inproceedings{fusco2018constrained,
  title={Constrained Path Planning using Quadratic Programming},
  author={Fusco, Franco and Kermorgant, Olivier and Martinet, Philippe},
  booktitle=IEEE_C_IROS,
  year={2018}
}

@inproceedings{bonilla2015sample,
  title={Sample-based motion planning for robot manipulators with closed kinematic chains.},
  author={Bonilla, Manuel and Farnioli, Edoardo and Pallottino, Lucia and Bicchi, Antonio},
  booktitle={ICRA},
  pages={2522--2527},
  year={2015}
}
