@article{Viswanathan:PDS15,
  title="{Uncertainty-Aware Autonomic Resource Provisioning for Mobile Cloud Computing}",
  author={H. Viswanathan and E. K. Lee and I. Rodero and D. Pompili},
  journal=IEEE_J_PDS,
  volume={26},
  number={8},
  pages={2363--2372},
  year={2015},
  publisher={IEEE}
}

@inproceedings{Viswanathan:CAC12,
  title="{An Autonomic Resource Provisioning Framework for Mobile Computing Grids}",
  author={H. Viswanathan and E. K. Lee and I. Rodero and D. Pompili},
  booktitle=IEEE_C_CAC,
  pages={79--84},
  year={2012}
}

@inproceedings{Viswanathan:MASS13,
  title={Enabling Real-time In-Situ Processing of Ubiquitous Mobile-Application Workflows},
  author={H. Viswanathan and E. K. Lee and D. Pompili},
  booktitle=IEEE_C_MASS,
  pages={324--332},
  year={2013},
  organization={IEEE}
}
