@article{zhang2000flexible,
  title={A flexible new technique for camera calibration},
  author={Zhang, Zhengyou},
  journal=IEEE_J_PAMI,
  volume={22},
  year={2000}
}

@article{tsai1986efficient,
  title={An efficient and accurate camera calibration technique for 3D machine vision},
  author={Tsai, Roger Y},
  journal={Proc. of Comp. Vis. Patt. Recog.},
  pages={364--374},
  year={1986}
}

@ARTICLE{Zhou:SENSOR14,
author={L. Zhou},
journal=IEEE_J_SENSOR,
title={A New Minimal Solution for the Extrinsic Calibration of a 2{D} {LIDAR} and a Camera Using Three Plane-Line Correspondences},
year={2014},
volume={14},
number={2},
pages={442-454},
}

@article{Vasconcelos:PAMI12,
  title={A minimal solution for the extrinsic calibration of a camera and a laser-rangefinder},
  author={F. Vasconcelos and J. Barreto and U. Nunes},
  journal=IEEE_J_PAMI,
  year={2012},
  publisher={IEEE}
}

@inproceedings{So:WPMRA12,
  title={A unified approach to extrinsic calibration between a camera and a laser range inder using point-plane constraints},
  author={E. W. Y. So and E. Menegatti},
  booktitle={International Workshop on Perception for Mobile Robots Autonomy},
  year={2012}
}

@article{Ramalingam:IJCV13,
  title={A theory of minimal 3D point to 3D plane registration and its generalization},
  author={S. Ramalingam and Y. Taguchi},
  journal=IJCV,
  volume={102},
  number={1-3},
  pages={73--90},
  year={2013},
}

@inproceedings{Naroditsky:ICRA11,
  title={Automatic alignment of a camera with a line scan LIDAR system},
  author={O. Naroditsky and A. Patterson and K. Daniilidis},
  booktitle=IEEE_C_ICRA,
  pages={3429--3434},
  year={2011},
}

@article{Mirzaei:IJRR13,
  title={3{D} {LIDAR}--camera intrinsic and extrinsic calibration: Identifiability and analytical least-squares-based initialization},
  author={F. M. Mirzaei and D. G. Kottas and S. I. Roumeliotis},
  journal=IJRR,
  volume={31},
  number={4},
  pages={452--467},
  year={2012},
}

@inproceedings{Alismail:3DIMPVT12,
  title={Automatic Calibration of a Range Sensor and Camera System},
  author={H. Alismail and L. D. Baker and B. Browning},
  booktitle={{IEEE} International Conference on 3D Imaging, Modeling, Processing, Visualization and Transmission (3DIMPVT)},
  pages={286--292},
  year={2012},
}

@article{Chen:JVCIR13,
  title={Geometric calibration of a multi-layer {LiDAR} system and image sensors using plane-based implicit laser parameters for textured {3-D} depth reconstruction},
  author={C.-Y. Chen and H.-J. Chien},
  journal=JVCIR,
  year={2013},
}

@INPROCEEDINGS{Wasielewsky:IVS95,
author={S. Wasielewski and O. Strauss},
booktitle={Intelligent Vehicles Symposium},
title={Calibration of a multi-sensor system laser rangefinder/camera},
year={1995},
pages={472-477},
}

@article{Pomerleau:FnTROB15,
  title={A review of point cloud registration algorithms for mobile robotics},
  author={F. Pomerleau and F. Colas and R. Siegwart},
  journal=FnTROB,
  volume={4},
  number={1},
  pages={1--104},
  year={2015}
}

@article{gao2003complete,
  title={Complete solution classification for the perspective-three-point problem},
  author={Gao, Xiao-Shan and Hou, Xiao-Rong and Tang, Jianliang and Cheng, Hang-Fei},
  journal=IEEE_J_PAMI,
  volume={25},
  number={8},
  pages={930--943},
  year={2003},
  publisher={IEEE}
}

@article{lepetit2009epnp,
  title={{EPnP}: An accurate {O}(n) solution to the {PnP} problem},
  author={Lepetit, Vincent and Moreno-Noguer, Francesc and Fua, Pascal},
  journal=IJCV,
  volume={81},
  number={2},
  pages={155},
  year={2009},
  publisher={Springer}
}

@inproceedings{kneip2011novel,
  title={A novel parametrization of the perspective-three-point problem for a direct computation of absolute camera position and orientation},
  author={Kneip, Laurent and Scaramuzza, Davide and Siegwart, Roland},
  booktitle=IEEE_C_CVPR,
  year={2011},
  publisher={IEEE}
}

@inproceedings{hesch2011direct,
  title={A direct least-squares {(DLS)} method for {PnP}},
  author={Hesch, Joel A and Roumeliotis, Stergios I},
  booktitle=IEEE_C_ICCV,
  pages={383--390},
  year={2011},
  organization={IEEE}
}
