@ARTICLE{Zhang:IVC97,
    author = {Z. Zhang},
    title = {Parameter Estimation Techniques: A Tutorial with Application to Conic Fitting},
    journal = IVC,
    year = {1997},
    volume = {15},
    pages = {59--76}
}

@inproceedings{Fredriksson:ACCV12,
author = "J. Fredriksson and C. Olsson",
title = "Simultaneous Multiple Rotation Averaging using Lagrangian Duality",
booktitle = ACCV,
year = "2012"
}

@ARTICLE{Boumal:TSP13,
author={N. Boumal},
journal= IEEE_J_SP,
title={On Intrinsic Cramer-Rao Bounds for Riemannian Submanifolds and Quotient Manifolds},
year={2013},
volume={61},
number={7},
pages={1809--1821},}

@inproceedings{Dai:ACCV09,
 author = {D. Yuchao and J. Trumpf and H. Li and N. Barnes and R. Hartley},
 title = {Rotation averaging with application to camera-rig calibration},
 booktitle = ACCV,
 year = 2010,
 pages = {335--346},
} 

@inproceedings{Martinec:CVPR07,
author={D. Martinec and T. Pajdla},
booktitle=IEEE_C_CVPR,
title={Robust Rotation and Translation Estimation in Multiview Reconstruction},
year=2007,
pages={1--8},
}

@inproceedings{Crandall:CVPR11,
author    = {D. Crandall and A. Owens and N. Snavely and D. P. Huttenlocher},
booktitle = IEEE_C_CVPR,
title     = {Discrete-Continuous Optimization for Large-Scale Structure from Motion},
year      = {2011},
pages={3001--3008},
}

@inproceedings{Hartley:CVPR11,
     title = "{L1} rotation averaging using the {W}eiszfeld algorithm" ,
     author = {R. Hartley and K. Aftab and J. Trumpf} ,
     booktitle = IEEE_C_CVPR ,
     year = {2011} ,
};

@article{Hartley:IJCV13,
  title={Rotation averaging},
  author={R. Hartley and J. Trumpf and Y. Dai and H. Li},
  journal=IJCV,
  volume={103},
  number={3},
  pages={267--305},
  year={2013},
  publisher={Springer}
}

@ARTICLE{Aftab:PAMI15,
author={K. Aftab and R. Hartley and J. Trumpf},
journal=IEEE_J_PAMI,
title={Generalized Weiszfeld Algorithms for Lq Optimization},
year={2015},
volume={37},
number={4},
pages={728--745}
}

@inproceedings{Chatterjee:ICCV13,
  title={Efficient and robust large-scale rotation averaging},
  author={A. Chatterjee and V. M. Govindu},
  booktitle=IEEE_C_ICCV,
  pages={521--528},
  year={2013},
}

@incollection {Govindu:ACCV06,
   author = {V. M. Govindu},
   title = {Robustness in Motion Averaging},
   booktitle = ACCV,
   pages = {457--466},
   volume = {3852},
   year = {2006},
   publisher = {Springer},
}

@INPROCEEDINGS{Govindu:CVPR01,
author={V. M. Govindu},
booktitle= IEEE_C_CVPR,
title={Combining two-view constraints for motion estimation},
year=2001,
volume=2,
pages={218--225},
}

@INPROCEEDINGS{Govindu:CVPR04,
author={V. M. Govindu},
booktitle=IEEE_C_CVPR,
title={Lie-algebraic averaging for globally consistent motion estimation},
year=2004,
volume=1,
pages={684--691},
}

@article{Pennec:JMIV06,
author = {Xavier Pennec},
title = {Intrinsic Statistics on {R}iemannian Manifolds: Basic Tools for Geometric Measurements},
journal = {Journal of Mathematical Imaging and Vision},
volume = 25,
year = 2006,
pages = {127--154},
issue = 1,
}

@INPROCEEDINGS{Arie-Nachimson:3DIMPVT12,
author={M. Arie-Nachimson and S.Z. Kovalsky and I. Kemelmacher-Shlizerman and A. Singer and R. Basri},
booktitle={International Conference on 3D Imaging, Modeling, Processing, Visualization and Transmission},
title={Global Motion Estimation from Point Matches},
year=2012,
pages={81--88},
}

@article{Ma:IJCV01,
	Author = {Y. Ma and J. Kosecka and S. Sastry},
	Date-Added = {2009-02-23 10:57:28 -0500},
	Date-Modified = {2009-02-23 10:57:28 -0500},
	Journal = IJCV,
	Number = {3},
	Pages = {219--249},
	Title = {Optimization Criteria and Geometric Algorithms for Motion and Structure Estimation},
	Volume = {44},
	Year = {2001}}

@article{Piovan:Automatica13,
  title={On frame and orientation localization for relative sensing networks},
  author={G. Piovan and I. Shames and B. Fidan and F. Bullo and B. Anderson},
  journal={Automatica},
  volume={49},
  number={1},
  pages={206--213},
  year={2013},
}


@inproceedings{Saunderson:CDC14,
  title={Semidefinite relaxations for optimization problems over rotation matrices},
  author={J. Saunderson and P. A. Parrilo and A. S. Willsky},
  booktitle=IEEE_C_CDC,
  year={2014}
}

@article{Wang:II13,
  title={Exact and stable recovery of rotations for robust synchronization},
  author={L. Wang and A. Singer},
  journal={Information and Inference},
  volume = {2}, 
  number = {2}, 
  pages = {145-193}, 
  year={2013},
  publisher={Oxford University Press}
}

@inproceedings{Bernard:CVPR15,
  title={A solution for multi-alignment by transformation synchronisation},
  author={F. Bernard and J. Thunberg and P. Gemmar and F. Hertel and A. Husch and J. Goncalves},
  booktitle=IEEE_C_CVPR,
  pages={2161--2169},
  year={2015}
}

@inproceedings{thunberg2017distributed,
  title={Distributed synchronization of Euclidean transformations with guaranteed convergence},
  author={Thunberg, Johan and Bernard, Florian and Gon{\c{c}}alves, Jorge},
  booktitle=IEEE_C_CDC,
  pages={3757--3762},
  year={2017},
  organization={IEEE}
}

@article{Ozyesil:SJIS15,
  title={Stable camera motion estimation using convex programming},
  author={O. Ozyesil and A. Singer and R. Basri},
  journal=SIAM_J_IS,
  volume={8},
  number={2},
  pages={1220--1262},
  year={2015},
  publisher={Society for Industrial and Applied Mathematics}
}
