%14
@article{awad2014targeting,
  title={Targeting paretic propulsion to improve poststroke walking function: a preliminary study},
  author={Awad, Louis N and Reisman, Darcy S and Kesar, Trisha M and Binder-Macleod, Stuart A},
  journal={Archives of physical medicine and rehabilitation},
  volume={95},
  number={5},
  pages={840--848},
  year={2014},
  publisher={Elsevier}
}

@article{kesar2009functional,
  title={Functional electrical stimulation of ankle plantarflexor and dorsiflexor muscles},
  author={Kesar, Trisha M and Perumal, Ramu and Reisman, Darcy S and Jancosko, Angela and Rudolph, Katherine S and Higginson, Jill S and Binder-Macleod, Stuart A},
  journal={Stroke},
  volume={40},
  number={12},
  pages={3821--3827},
  year={2009},
  publisher={American Heart Association}
}

@article{kesar2011combined,
  title={Combined effects of fast treadmill walking and functional electrical stimulation on post-stroke gait},
  author={Kesar, Trisha M and Reisman, Darcy S and Perumal, Ramu and Jancosko, Angela M and Higginson, Jill S and Rudolph, Katherine S and Binder-Macleod, Stuart A},
  journal={Gait \& posture},
  volume={33},
  number={2},
  pages={309--313},
  year={2011},
  publisher={Elsevier}
}

@article{kesar2010novel,
  title={Novel patterns of functional electrical stimulation have an immediate effect on dorsiflexor muscle function during gait for people poststroke},
  author={Kesar, Trisha M and Perumal, Ramu and Jancosko, Angela and Reisman, Darcy S and Rudolph, Katherine S and Higginson, Jill S and Binder-Macleod, Stuart A},
  journal={Physical therapy},
  volume={90},
  number={1},
  pages={55--66},
  year={2010},
  publisher={Oxford University Press}
}

