@inproceedings{Lee:ACC16,
  title={Global unscented attitude estimation via the matrix Fisher distributions on ${SO(3)}$},
  author={Lee, Taeyoung},
  booktitle=IEEE_C_ACC,
  year={2016}
}

@InProceedings{Shen:ICRA14,
Title = {Multi-Sensor Fusion for Robust Autonomous Flight in Indoor and Outdoor Environments with a Rotorcraft MAV},
Author = {S. Shen and Y. Mulgaonkar and N. Michael and V. Kumar},
Booktitle = IEEE_C_ICRA,
Year = {2014},
}