@book{Valavanis:book14,
  title={Handbook of Unmanned Aerial Vehicles},
  author={K. P. Valavanis and G. J. Vachtsevanos},
  year={2014},
  publisher={Springer Publishing}
}

@book{Valavanis:book08,
  author={K. P. Valavanis},
title = {Advances in Unmanned Aerial Vehicles},
publisher = {Springer Science and Business Media},
year = {2008}
}

@inproceedings{Mulgaonkar:ASME15,
  title={Design and Fabrication of Safe, Light-Weight, Flying Robots},
  author={Mulgaonkar, Yash and Kientz, Terry and Whitzer, Mickey and Kumar, Vijay},
  booktitle={ASME 2015 International Design Engineering Technical Conferences and Computers and Information in Engineering Conference},
  year={2015},
  organization={American Society of Mechanical Engineers}
}

@inproceedings{mulgaonkar2014autonomous,
  title={Autonomous charging to enable long-endurance missions for small aerial robots},
  author={Mulgaonkar, Yash and Kumar, Vijay},
  booktitle={SPIE Defense and Security},
  pages={90831S--90831S},
  year={2014},
  organization={International Society for Optics and Photonics}
}
