@INPROCEEDINGS{Mellinger:ICRA11,
author={D. Mellinger and V. Kumar},
booktitle=IEEE_C_ICRA,
title={Minimum snap trajectory generation and control for quadrotors},
year={2011},
pages={2520-2525},
}

@inproceedings{Lee:CDC10,
  title={Geometric tracking control of a quadrotor UAV on SE (3)},
  author={Lee, Taeyoung and Leoky, Melvin and McClamroch, N Harris},
  booktitle=IEEE_C_CDC,
  pages={5420--5425},
  year={2010},
}

@article{Lee2011,
author = {T. Lee and M. Leok and N. H. McClamroch},
journal = {Asian Journal of Control},
title = {Control of Complex Maneuvers for a Quadrotor UAV using Geometric Methods on ${SE(3)}$},
year = {2011}
}

@inproceedings{Goodarzi:ECC13,
  title={Geometric nonlinear {PID} control of a quadrotor UAV on ${SE(3)}$},
  author={Goodarzi, Farhad and Lee, Daewon and Lee, Taeyoung},
  booktitle=IEEE_C_ECC,
  year=2013,
}

@article{Goodarzi:JDSMC15,
  title={Geometric adaptive tracking control of a quadrotor unmanned aerial vehicle on ${SE(3)}$ for agile maneuvers},
  author={Goodarzi, Farhad A and Lee, Daewon and Lee, Taeyoung},
  journal={Journal of Dynamic Systems, Measurement, and Control},
  volume={137},
  number={9},
  pages={091007},
  year={2015},
  publisher={American Society of Mechanical Engineers}
}

@inproceedings{Kulumani:ACC16,
  title={Geometric Adaptive Control of Attitude Dynamics on ${SO(3)}$ with State Inequality Constraints},
  author={Kulumani, Shankar and Poole, Christopher and Lee, Taeyoung},
  booktitle=IEEE_C_ACC,
  year={2016}
}

@inproceedings{Fernando:CDC11,
  title={Robust adaptive geometric tracking controls on ${SO(3)}$ with an application to the attitude dynamics of a quadrotor {UAV}},
  author={Fernando, Thilina and Chandiramani, Jiten and Lee, Taeyoung and Gutierrez, Hector},
  booktitle=IEEE_C_CDC,
  pages={7380--7385},
  year={2011},
}

@article{Chaturvedi:CSM11,
  title={Rigid-body attitude control},
  author={Chaturvedi, Nalin A and Sanyal, Amit K and McClamroch, N Harris},
  journal=IEEE_M_CS,
  volume={31},
  number={3},
  pages={30--51},
  year={2011},
  publisher={IEEE}
}

@Book{Bullo:book04,
author =      {Francesco Bullo and Andrew D. Lewis},
title =       {Geometric Control of Mechanical Systems},
publisher =   {Springer},
year =        2004} 

@article{Mayhew:TAC13,
  title={Synergistic Hybrid Feedback for Global Rigid-Body Attitude Tracking on ${SO(3)}$},
  author={Mayhew, Christopher G and Teel, Andrew R},
  journal=IEEE_J_AC,
  volume={58},
  number={11},
  pages={2730--2742},
  year={2013},
  publisher={IEEE}
}

@inproceedings{Lee:ACC13,
  title={Robust global exponential attitude tracking controls on ${SO(3)}$},
  author={Lee, Taeyoung},
  booktitle=IEEE_C_ACC,
  pages={2103--2108},
  year={2013},
}

@article{Ryan:TASE13,
  title={{LMI}-based gain synthesis for simple robust quadrotor control},
  author={Ryan, Tyler and Kim, H Jin},
  journal=IEEE_J_ASE,
  volume={10},
  number={4},
  pages={1173--1178},
  year={2013},
  publisher={IEEE}
}

@inproceedings{Bouabdallah:IROS07,
  title={Full control of a quadrotor},
  author={Bouabdallah, Samir and Siegwart, Roland},
  booktitle=IEEE_C_IROS,
  pages={153--158},
  year={2007},
  organization={IEEE}
}

@inproceedings{Sreenath:CDC13,
  title={Geometric control and differential flatness of a quadrotor {UAV} with a cable-suspended load},
  author={Sreenath, Koushil and Lee, Taeyoung and Kumar, Vijay},
  booktitle=IEEE_C_CDC,
  pages={2269--2274},
  year={2013},
}

@inproceedings{Bregu:CMSAS16,
  title={Reactive control of autonomous drones},
  author={Bregu, Endri and Casamassima, Nicola and Cantoni, Daniel and Mottola, Luca and Whitehouse, Kamin},
  booktitle={International Conference on Mobile Systems, Applications, and Services},
  pages={207--219},
  year={2016},
  organization={ACM}
}

@article{tang2018aggressive,
  title={Aggressive Flight With Suspended Payloads Using Vision-Based Control},
  author={Tang, Sarah and W{\"u}est, Valentin and Kumar, Vijay},
  journal=IEEE_J_RAL,
  volume={3},
  number={2},
  pages={1152--1159},
  year={2018},
  publisher={IEEE}
}

@inproceedings{watterson2016smooth,
  title={Smooth trajectory generation on ${SE(3)}$ for a free flying space robot},
  author={Watterson, Michael and Smith, Trey and Kumar, Vijay},
  booktitle=IEEE_C_IROS,
  pages={5459--5466},
  year={2016},
  organization={IEEE}
}

@article{liu2018search,
  title={Search-based motion planning for aggressive flight in ${SE(3)}$},
  author={Liu, Sikang and Mohta, Kartik and Atanasov, Nikolay and Kumar, Vijay},
  journal=IEEE_J_RAL,
  volume={3},
  number={3},
  pages={2439--2446},
  year={2018},
  publisher={IEEE}
}

@inproceedings{huber2017online,
  title={An online trajectory generator on ${SE(3)}$ with magnitude constraints},
  author={Huber, Gerold and Gabler, Volker and Wollherr, Dirk},
  booktitle=IEEE_C_IROS,
  pages={6171--6177},
  year={2017},
  organization={IEEE}
}
