@ARTICLE{Li:RAL16,
author={Z. Li and V. Isler},
journal={IEEE Robotics and Automation Letters},
title={Large Scale Image Mosaic Construction for Agricultural Applications},
year={2016},
volume={1},
number={1},
pages={295-302},
}

@article{Nex:AG14,
  title={{UAV} for {3D} mapping applications: a review},
  author={Nex, Francesco and Remondino, Fabio},
  journal={Applied Geomatics},
  volume={6},
  number={1},
  pages={1--15},
  year={2014},
  publisher={Springer}
}

@misc{Pixhawk,
 Author = {DroneCode},
 Title = {{PIXHAWK} Project},
 note = {https://pixhawk.org/}
}


@misc{Ardupilot,
 Author = {{ArduPilot} Dev Team},
 Title = {{ArduPilot} Project},
 note = {http://ardupilot.com/}
}

@misc{Openpilot,
 Author = {{LibrePilot/OpenPilot} Community},
 Title = {{OpenPilot} Project},
 note = {http://www.openpilot.org}
}

@misc{DJI,
 Author = {Da-Jiang Innovations Science and Technology Co., Ltd.},
 Title = {DJI},
 note = {http://dji.com/}
}

@misc{AmazonAir,
 Author = {Amazon.com, Inc.},
 Title = {Amazon Prime Air},
 note = {http://www.amazon.com/b?ie=UTF8{\&}node=8037720011}
}

@misc{Flyability,
 Author = {Flyability SA},
 Title = {Gimball},
 note = {http://www.flyability.com}
}

@misc{BBC:SearchRescue,
 Author = {BBC News},
 Title = {Disaster drones: How robot teams can help in a crisis},
 note = {goo.gl/6efliV}
}

@article{Natalizio:TechReport12,
  title={Filming sport events with mobile camera drones: Mathematical modeling and algorithms},
  author={Natalizio, Enrico and Surace, Rosario and Loscri, Valeria and Guerriero, Francesca and Melodia, Tommaso},
  journal={Technical Report},
  year={2012}
}
