@article{Bangura:ICRA14,
author = {M. Bangura and H. Lim and H. J. Kim and R. Mahony},
journal = IEEE_C_ICRA,
pages = {529--536},
title = {Aerodynamic power control for multirotor aerial vehicles},
year = {2014}
}

@article{Bartholomew:IROS15,
annote = {Uses trained model for predicting disturbances},
author = {J. Bartholomew and A. Calway and W. Mayol-Cuevas},
journal = IEEE_C_IROS,
pages = {4826--4833},
title = {Improving {MAV} Control by Predicting Aerodynamic Effects of Obstacles},
year = {2015}
}

@article{Bartholomew:ICRA14,
author = {J. Bartholomew and A. Calway and W. Mayol-Cuevas},
journal = IEEE_C_ICRA,
pages = {4967--4973},
title = {Learning to predict obstacle aerodynamics from depth images for {M}icro {A}ir {V}ehicles},
year = {2014}
}

@book{DeOliveira:book15,
author = {P. de Oliveira and J. Vicente},
title = {Handbook of {U}nmanned {A}erial {V}ehicles},
year = {2015}
}

@article{Hoffmann:AIAA07,
author = {G. M. Hoffmann and H. Huang and S. L. Waslander and C. J. Tomlin},
journal = AIAA,
pages = {1--20},
title = {Quadrotor Helicopter Flight Dynamics and Control : Theory and Experiment},
volume = {4},
year = {2007}
}

@article{Kasa:FAMENA13,
author = {J. Kasa and S. Stevanovi and J. Stepani},
number = {2013},
pages = {29--42},
title = {Robust Output Tracking Control of a Quadrotor},
journal = {Transactions of FAMENA},
volume = {4},
year = {2013}
}

@article{Luo:AIAA15,
author = {J. Luo and L. Zhu and G. Yan},
journal = AIAA,
number = {12},
pages = {3522--3533},
title = {Novel Quadrotor Forward-Flight Model Based on Wake Interference},
volume = {53},
year = {2015}
}

@article{Nobahari:EAAI14,
author = {H. Nobahari and A. R. Sharifi},
journal = {Engineering Applications of Artificial Intelligence},
pages = {100--111},
title = {Continuous ant colony filter applied to online estimation and compensation of ground effect in automatic landing of quadrotor},
volume = {32},
year = {2014}
}

@article{Powers:STAR13,
author = {C. Powers and D. Mellinger and A. Kushleyev and B. Kothmann and V. Kumar},
journal = {Springer Tracts in Advanced Robotics - Experimental Robotics},
pages = {289--302},
title = {Influence of Aerodynamics and Proximity Effects in Quadrotor Flight},
volume = {88},
year = {2013}
}

@article{Schiano:IMAVC14,
author = {F. Schiano and J. Alonso-Mora and K. Rudin and P. Beardsley and R. Siegwart and B, Siciliano},
journal = {International Micro Air Vehicle Conference},
pages = {134--141},
title = {Towards Estimation and Correction of Wind Effects on a Quadrotor {UAV}},
year = {2014}
}

@article{Simone:RRMTS,
author = {M. C. De Simone and S. Russo and A. Ruggiero},
journal = {(preprint)},
year = 2016,
pages = {111--118},
title = {Influence of Aerodynamics on Quadrotor Dynamics}
}

@inproceedings{Yeo:GNC15,
  title={Onboard flow sensing for downwash detection and avoidance with a small quadrotor helicopter},
  author={D. W. Yeo and N. Sydney and D. Paley and D. Sofge},
  booktitle={AIAA Guidance Navigation and Control Conference},
  year={2015}
}

@article{Zhang:AAA14,
author = {X. Zhang and X. Li and K. Wang and Y. Lu},
journal = {Abstract and Applied Analysis},
title = {A survey of modelling and identification of quadrotor robot},
year = {2014}
}

@article{Morino:VERTICA88,
author = {Morino, L and Bharadvaj, B K},
journal = {VERTICA},
number = {1},
pages = {147--154},
title = {{A unified approach for potential and viscous free-wake analysis of helicopter rotors.}},
volume = {12},
year = {1988}
}

@article{Leishman:JA02,
  title={Free-vortex filament methods for the analysis of helicopter rotor wakes},
  author={J. G. Leishman and M. J. Bhagwat and A. Bagai},
  journal={Journal of aircraft},
  volume={39},
  number={5},
  pages={759--775},
  year={2002}
}


@article{Lozano:JIRS13,
  title={Trajectory control of a quadrotor subject to 2D wind disturbances},
  author={J. Escare{\~n}o and S. Salazar and H. Romero and R. Lozano},
  journal={Journal of Intelligent \& Robotic Systems},
  volume={70},
  number={1-4},
  pages={51--63},
  year={2013},
  publisher={Springer}
}

@inproceedings{Waslander:AIAA09,
  title={Wind disturbance estimation and rejection for quadrotor position control},
  author={S. L. Waslander and C. Wang},
  booktitle={AIAA Infotech Aerospace Conference and AIAA Unmanned\ldots Unlimited Conference, Seattle, WA},
  year={2009}
}

@inproceedings{Sydney:CDC13,
  title={Dynamic control of autonomous quadrotor flight in an estimated wind field},
  author={N. Sydney and B. Smyth and D. A. Paley},
  booktitle=IEEE_C_CDC,
  pages={3609--3616},
  year={2013},
}

@inproceedings{Robinson:ICUAS14,
  title={Computational investigation of micro rotorcraft near-wall hovering aerodynamics},
  author={D. C. Robinson and H. Chung and K. Ryan},
  booktitle={IEEE International Conference on Unmanned Aircraft Systems},
  pages={1055--1063},
  year={2014},
}

@inproceedings{Barba:GTC13,
author = {L. Barba},
 booktitle = {{GPU} Technology Conference},
title={{PygBe}: Python on the surface, {GPU}s a the heart. BEM solver for electrostatics of biomolecules.},
howpublished={\url{http://lorenabarba.com/figshare/pygbe-python-on-the-surface-gpus-at-the-heart-bem-solver-for-electrostatics-of-biomolecules/}},
year = 2013
}

@article{Gennaretti:JSV97,
author={M. Gennaretti and  L. Luceri and L. Morino},
title={A  Unified Boundary Integral Methodology for Aerodynamics and Aeroacoustics of Rotors},
journal={Journal of Sound and Vibration},
volume = 200,
number = 4,
pages = { 467-489},
year={ 1997}
}

@article{Gennaretti:07,
author={M. Gennaretti and  G. Bernardini},
title={Novel Boundary Integral Formulation for Blade?Vortex Interaction Aerodynamics of Helicopter Rotors},
journal={AIAA Journal},
volume = 45,
number = 6,
pages = { 1169-1176},
year={ 2007}
}

@inproceedings{Chaderjian:PAHS11,
Title ={High Resolution Navier-Stokes Simulation of Rotor Wakes},
Author = {N. M. Chaderjian and P. G. Buning},
booktitle = {Proceedings of the American Helicopter Society},
Year = {2011}}

@article{Bangura:16,
author={M. Bangura and M. Melega and R Naldi and R. Mahony},
title={Aerodynamics of Rotor Blades for Quadrotors},
journal={arXiv:1601.00733v1},
year={ 2016}
}

@article{Hwang:JA205,
author={J. Y. Hwang and M. K. Jung and O. J. Kwon},
title={Numerical Study of Aerodynamic Performance of a Multirotor Unmanned-Aerial-Vehicle Configuration},
journal={Journal of Aircraft},
volume={52},
number={3},
pages = {839-846},
year={ 2016}
}

@article{Marino:IJMAV15,
author={M. Marino and A. Fisher and R. Clothier and S. Watkins and S. Prudden and C. S. Leung},
title={An Evaluation of Multi-Rotor Unmanned Aircraft as Flying Wind Sensors},
journal={International Journal of Micro Air Vehicles},
volume={7},
number={3},
pages = {285-299},
year={ 2015}
}

@inproceedings{Huang:ICRA09,
author={H. Huang and G. Hoffmann and S. Waslander and C. Tomlin},
title={Aerodynamics and Control of Autonomous Quadrotor Helicopters in Aggressive Maneuvering},
booktitle={Proceedings of the 2009 IEEE International conference on Robotics and Automation},
pages = {2408-2413},
year={ 2009}
}

@article{Mahony:RAM12,
author={R. Mahony and V. Kumar and P. Corke},
title={Multirotor Aerial Vehicles: Modeling, Estimation, and Control of Quadrotor},
journal=IEEE_M_RA,
pages = {20-32},
year={ 2012}
}

@inproceedings{Ware:ICRA16,
  title={An analysis of wind field estimation and exploitation for quadrotor flight in the urban canopy layer},
  author={Ware, John and Roy, Nicholas},
  booktitle=IEEE_C_ICRA,
  pages={1507--1514},
  year={2016},
}

@article{Intaratep:AIAA16,
author={N. Intaratep and W. N. Alexander and W. J. Devenport and S. M. Grace and A. Dropkin},
title={Experimental Study of Quadcopter Acoustics and Performance at Static Thrust Conditions},
journal={AIAA Paper No. 2016-2873},
year={ 2016}
}

@article{Yoon:AIAA16,
author={S. Yoon and H. C. Lee and T. Pulliam},
title={Computational Anlysis of Multi-Rotor Flows},
journal={AIAA Paper No. 2016-0812},
year={ 2016}
}

@article{Jain:AIAA17,
author={R. Jain},
title={iCFD Performance and Turbulence Transition Predictions on an Installed Model-scale Rotor in Hover},
journal={AIAA Paper No. AIAA 2017-1871},
year={ 2017}
}
