@article{busoniu2008comprehensive,
  title={A comprehensive survey of multiagent reinforcement learning},
  author={Busoniu, Lucian and Babuska, Robert and De Schutter, Bart},
  journal=IEEE_J_SMCC,
  volume={38},
  number={2},
  pages={156--172},
  year={2008}
}

@article{panait2005cooperative,
  title={Cooperative multi-agent learning: The state of the art},
  author={Panait, Liviu and Luke, Sean},
  journal={Autonomous agents and multi-agent systems},
  volume={11},
  number={3},
  pages={387--434},
  year={2005},
  publisher={Kluwer Academic Publishers}
}
