@book{DoCarmo:riemannian92,
	Address = {Boston, MA},
	Author = {M. P. do Carmo},
	Publisher = {Birkh\"auser},
	Title = {Riemannian geometry},
	Year = {1992}
}

@book{Absil:book08,
	Address = {Princeton, NJ},
	Author = {P.-A. Absil and R. Mahony and R. Sepulchre},
	Publisher = {Princeton University Press},
	Title = {Optimization Algorithms on Matrix Manifolds},
	Year = {2008}}

@article{ONeill:66,
  title={The fundamental equations of a submersion.},
  author={B. O'Neill},
  journal={The Michigan Mathematical Journal},
  volume={13},
  number={4},
  pages={459--469},
  year={1966},
  publisher={The University of Michigan}
}

@book{ONeill:book83,
  title={Semi-{R}iemannian Geometry With Applications to Relativity, 103},
  author={B. O'Neill},
  volume={103},
  year={1983},
  publisher={Academic press}
}

@book{Duistermaat:book00,
  title={Lie groups},
  author={J. J. Duistermaat and J. A. C. Kolk},
  year={2000},
  publisher={Springer}
}

@book{Gallier:book,
  title={Notes on Differential Geometry and Lie Groups},
  author={Jean Gallier},
  year={2014, in preparation},
  publisher={\url{http://www.cis.upenn.edu/\%7Ejean/gbooks/manif.html}}
}


@book{Petersen:book06,
  title={Riemannian geometry},
  author={Petersen, Peter},
  volume={171},
  year={2006},
  publisher={Springer}
}



@Book{Lee:book12,
  author = 	 {J. M. Lee},
  title = 	 {Introduction to smooth manifolds},
  publisher = 	 {Springer},
  year = 	 {2012},
  volume = 	 {218},
  series = 	 {Graduate Texts in Mathematics},
  edition = 	 {2nd.},
}

@book{chavel2006riemannian,
  title={Riemannian geometry: a modern introduction},
  author={Chavel, Isaac},
  volume={98},
  year={2006},
  publisher={Cambridge university press}
}
