

@Book{Murray:book94,
  author = 	 {R. M. Murray and Z. Li and S. S. Sastry},
  title = 	 {A Mathematical Introduction to Robotic Manipulation},
  publisher = 	 {CRC Press},
  year = 	 {1994},
}

@inproceedings{Olson:icra11,
    TITLE      = {{AprilTag}: A robust and flexible visual fiducial system},
    AUTHOR     = {E. Olson},
    BOOKTITLE  = IEEE_C_ICRA,
    YEAR       = {2011},
    MONTH      = {May},
    PAGES      = {3400-3407},
    PUBLISHER  = {IEEE},
}

@article{Mahony:TAC08,
  title={Nonlinear complementary filters on the special orthogonal group},
  author={R. Mahony and T. Hamel and J.-M. Pflimlin},
  journal= IEEE_J_AC,
  volume={53},
  number={5},
  pages={1203--1218},
  year={2008},
  publisher={IEEE}
}


@misc{NRI:NSF,
  author= {{N}ational {S}cience {F}oundation},
  title = {{N}ational {R}obotics {I}nitiative},
  howpublished = {\url{http://nsf.gov/funding/pgm_summ.jsp?pims_id=503641}},
  note = {Accessed: 2015-09-18}
}

@misc{Roadmap,
  author = {Robotics Virtual Organization},
  title = {A Roadmap for {U.S.} Robotics From {I}nternet to Robotics, 2013 Edition},
  howpublished = {\url{https://www.robotics-vo.us/node/332}},
  note = {Accessed: 2015-10-19}
}

@inproceedings{Faessler:ICRA15,
author={M. Faessler and F. Fontana and C. Forster and D. Scaramuzza},
booktitle=IEEE_C_ICRA,
title={Automatic re-initialization and failure recovery for aggressive flight with a monocular vision-based quadrotor},
year={2015},
pages={1722-1729},
}

@article{Walter:JFR15,
  title={A Situationally Aware Voice-commandable Robotic Forklift Working Alongside People in Unstructured Outdoor Environments},
  author={M. R. Walter and M. Antone and E. Chuangsuwanich and A. Correa and R. Davis and L. Fletcher and E. Frazzoli and Y. Friedman and J. Glass and J. P. How and J. H. Jeon and S. Karaman and B. Luders and N. Roy and S. Tellex and S. Teller},
  journal=JFR,
  volume={32},
  number={4},
  pages={590--628},
  year={2015},
  publisher={Wiley Online Library}
}

@article{Atanasov:IJRR15,
  title={Localization from semantic observations via the matrix permanent},
  author={N. Atanasov and M. Zhu and K. Daniilidis and G. J. Pappas},
  journal=IJRR,
  pages={1--27},
  year={2015},
  publisher={SAGE Publications}
}

@incollection{Posa:AFRX13,
  title={Direct trajectory optimization of rigid body dynamical systems through contact},
  author={Posa, Michael and Tedrake, Russ},
  booktitle={Algorithmic foundations of robotics X},
  pages={527--542},
  year={2013},
  publisher={Springer}
}

@book{Hibbeler:book04,
  title={Engineering Mechanics Dynamics},
  author={Hibbeler, RC},
  year={2004},
  publisher={Upper Saddle River, NJ: Pearson Prentice Hall}
}

@article{renda2017discrete,
  title={Discrete Cosserat Approach for Multi-Section Soft Robots Dynamics},
  author={Renda, Federico and Boyer, Frederic and Dias, Jorge and Seneviratne, Lakmal},
  journal={arXiv preprint arXiv:1702.03660},
  year={2017}
}

@Misc{park2017manifolds,
  author = 	 {Frank Chongwoo Park},
  title = 	 {Manifolds, Geometry, and Robotics},
  howpublished = RSS,
  year = 	 2017}

@book{lynch2017modern,
  title={Modern Robotics},
  author={Lynch, Kevin M and Park, Frank C},
  year={2017},
  publisher={Cambridge University Press}
}
