@inproceedings{chen1991screw,
  title={A screw motion approach to uniqueness analysis of head-eye geometry},
  author={Chen, Homer H},
  booktitle=IEEE_C_CVPR,
  pages={145--151},
  year={1991},
  organization={IEEE}
}

@inproceedings{remy1997hand,
  title={Hand-eye calibration},
  author={Remy, Sandrine and Dhome, Michel and Lavest, Jean-Marc and Daucher, Nadine},
  booktitle=IEEE_C_IROS,
  volume={2},
  pages={1057--1065},
  year={1997},
  organization={IEEE}
}

@article{daniilidis1999hand,
  title={Hand-eye calibration using dual quaternions},
  author={Daniilidis, Konstantinos},
  journal=IJRR,
  volume={18},
  number={3},
  pages={286--298},
  year={1999},
  publisher={SAGE Publications}
}
