@article{Bandeira:ArXiv14,
  title={Tightness of the maximum likelihood semidefinite relaxation for angular synchronization},
  author={A. S. Bandeira and N. Boumal and A. Singer},
  journal={arXiv preprint arXiv:1411.3272},
  year={2014}
}
