@article{Heinzelman:TWC02,
  title={An application-specific protocol architecture for wireless microsensor networks},
  author={Heinzelman, Wendi B and Chandrakasan, Anantha P and Balakrishnan, Hari},
  journal=IEEE_J_WCOM,
  volume={1},
  number={4},
  pages={660--670},
  year={2002},
  publisher={IEEE}
}
@inproceedings{Schurgers:MILCOM01,
  title={Energy efficient routing in wireless sensor networks},
  author={Schurgers, Curt and Srivastava, Mani B},
  booktitle={IEEE Military Communications Conference},
  volume={1},
  pages={357--361},
  year={2001},
}

@inproceedings{Shah:WCNC02,
  title={Energy aware routing for low energy ad hoc sensor networks},
  author={Shah, Rahul C and Rabaey, Jan M},
  booktitle={Wireless Communications and Networking Conference},
  volume={1},
  pages={350--355},
  year={2002},
  organization={IEEE}
}

@inproceedings{Intanagonwiwat:ICMCN00,
  title={Directed diffusion: A scalable and robust communication paradigm for sensor networks},
  author={Intanagonwiwat, Chalermek and Govindan, Ramesh and Estrin, Deborah},
  booktitle={ACM International Conference on Mobile Computing and Networking},
  pages={56--67},
  year={2000},
}

@inproceedings{Gnawali:ENSS09,
  title={Collection tree protocol},
  author={Gnawali, Omprakash and Fonseca, Rodrigo and Jamieson, Kyle and Moss, David and Levis, Philip},
  booktitle={ACM Conference on Embedded Networked Sensor Systems},
  pages={1--14},
  year={2009},
}

@inproceedings{Kim2005:SNSDI,
  title={Geographic routing made practical},
  author={Kim, Young-Jin and Govindan, Ramesh and Karp, Brad and Shenker, Scott},
  booktitle={Symposium on Networked Systems Design \& Implementation},
  pages={217--230},
  volume={2},
  year={2005},
  organization={USENIX Association}
}

@inproceedings{Moeller:IPSN10,
  title={Routing without routes: The backpressure collection protocol},
  author={Moeller, Scott and Sridharan, Avinash and Krishnamachari, Bhaskar and Gnawali, Omprakash},
  booktitle=IPSN,
  pages={279--290},
  year={2010},
  organization={ACM}
}

@inproceedings{Bouhafs:CCNC06,
  title={A semantic clustering routing protocol for wireless sensor networks},
  author={Bouhafs, F and Merabti, M and Mokhtar, H},
  booktitle={Consumer Communications and Networking Conference},
  volume={1},
  pages={351--355},
  year={2006},
  organization={IEEE}
}
