Understanding Indoor Scenes using 3D Geometric Phrases

Efficient Exact Inference for 3D Indoor Scene Understanding
