@misc{GoodArk:eCompass,
 Author = {Good-{ARK} {S}emiconductors},
 Title = {{eCompass} modules with {3D} accelerometer and {3D} magnetometer},
 Howpublished = {\url{goo.gl/D0CH6y}}
}
@misc{STM:eCompass,
 Author = {ST Microelectronics},
 Title = {Ultra compact high performance e-compasses},
 Howpublished = {\url{goo.gl/TLrdy5}}
}
