@inproceedings{Zach:CVPR10,
  title={Disambiguating visual relations using loop constraints},
  author={C. Zach and M. Klopschitz and M. Pollefeys},
  booktitle=IEEE_C_CVPR,
  pages={1426--1433},
  year={2010},
}

@inproceedings{Enqvist:OMNIVIS11,
  title={Non-sequential structure from motion},
  author={O. Enqvist and F. Kahl and C. Olsson},
  booktitle=OMNIVIS,
  pages={264--271},
  year={2011},
}

@article{Dai:IJCV13,
  title={Projective multiview structure and motion from element-wise factorization},
  author={Y. Dai and H. Li and M. He},
  journal=IEEE_J_PAMI,
  volume={35},
  number={9},
  pages={2238--2251},
  year={2013},
  publisher={IEEE}
}

@inproceedings{sturm1996factorization,
  title={A factorization based algorithm for multi-image projective structure and motion},
  author={Sturm, Peter and Triggs, Bill},
  booktitle=IEEE_C_ECCV,
  pages={709--720},
  year={1996},
  organization={Springer}
}


@article{Tomasi:IJCV92,
  title={Shape and motion from image streams under orthography: a factorization method},
  author={C. Tomasi and T. Kanade},
  journal=IJCV,
  volume=9,
  number=2,
  pages={137--154},
  year=1992,
  publisher={Springer}
}

@article{poelman1997paraperspective,
  title={A paraperspective factorization method for shape and motion recovery},
  author={Poelman, Conrad J and Kanade, Takeo},
  journal=IEEE_J_PAMI,
  volume={19},
  number={3},
  pages={206--218},
  year={1997},
  publisher={IEEE}
}

@inproceedings{schonberger2016structure,
  title={Structure-from-motion revisited},
  author={Schonberger, Johannes L and Frahm, Jan-Michael},
  booktitle=IEEE_C_CVPR,
  pages={4104--4113},
  year={2016}
}

@inproceedings{agarwal2010bundle,
  title={Bundle adjustment in the large},
  author={Agarwal, Sameer and Snavely, Noah and Seitz, Steven M and Szeliski, Richard},
  booktitle=IEEE_C_ECCV,
  pages={29--42},
  year={2010},
  organization={Springer}
}


@article{Agarwal:COMM11,
  title={Building {R}ome in a day},
  author={S. Agarwal and Y. Furukawa and N. Snavely and I. Simon and B. Curless and S. M. Seitz and R. Szeliski},
  journal=ACM_COMM,
  volume={54},
  number={10},
  pages={105--112},
  year={2011},
}


@inproceedings{Snavely:TOG06,
  title={Photo tourism: exploring photo collections in {3D}},
  author={N. Snavely and S. M. Seitz and R. Szeliski},
  booktitle=ACM_J_TOG,
  volume={25},
  pages={835--846},
  year={2006},
}

@incollection{Frahm:ECCV10,
  title={Building {R}ome on a cloudless day},
  author={J.-M. Frahm and P. Fite-Georgel and D. Gallup and T. Johnson and R. Raguram and C. Wu and Y.-H. Jen and E. Dunn and B. Clipp and S. Lazebnik and M. Pollefeys},
  booktitle=IEEE_C_ECCV,
  pages={368--381},
  year={2010},
  publisher={Springer}
}

@inproceedings{Snavely:CVPR08,
  title={Skeletal graphs for efficient structure from motion.},
  author={N. Snavely and S. M. Seitz and R. Szeliski},
  booktitle=IEEE_C_CVPR,
  volume={1},
  pages={2},
  year={2008}
}

@article{Cornelis:PAMI04,
  title={Drift detection and removal for sequential structure from motion algorithms},
  author={K. Cornelis and F. Verbiest and L. Van Gool},
  journal=IEEE_J_PAMI,
  volume={26},
  number={10},
  pages={1249--1259},
  year={2004},
}

@inproceedings{Strecha:CVPR08,
  title={On benchmarking camera calibration and multi-view stereo for high resolution imagery},
  author={C. Strecha and W. von Hansen and L. Van Gool and P. Fua and U. Thoennessen},
  booktitle=IEEE_C_CVPR,
  pages={1--8},
  year={2008},
}

