@article{Konolige:TRO08,
  title={{FrameSLAM}: From bundle adjustment to real-time visual mapping},
  author={K. Konolige and M. Agrawal},
  journal=IEEE_J_RA,
  volume={24},
  number={5},
  pages={1066--1077},
  year={2008},
}

@article{Lupton:TRO12,
  title={Visual-inertial-aided navigation for high-dynamic motion in built environments without initial conditions},
  author={T. Lupton and S. Sukkarieh},
  journal=IEEE_J_RA,
  volume={28},
  number={1},
  pages={61--76},
  year={2012},
  publisher={IEEE}
}

@inproceedings{Forster:RSS15,
  title={{IMU} Preintegration on Manifold for Efficient Visual-Inertial Maximum-a-Posteriori Estimation},
  author={C. Forster and L. Carlone and F. Dellaert and D. Scaramuzza},
  booktitle=RSS,
  year={2015}
}

@article{Forster:TRO16,
  title={On-Manifold Preintegration for Real-Time Visual--Inertial Odometry},
  author={Forster, C. and Carlone, L. and Dellaert, F. and Scaramuzza, D.},
  journal=IEEE_J_RA,
  year=2016,
  publisher={IEEE}
}

@inproceedings{Konolige:IROS09,
  title={Towards lifelong visual maps},
  author={K. Konolige and J. Bowman},
  booktitle=IEEE_C_IROS,
  pages={1156--1163},
  year={2009},
}

@inproceedings{Eade:IROS10,
  title={Monocular graph {SLAM} with complexity reduction},
  author={E. Eade and P. Fong and M. E. Munich},
  booktitle=IEEE_C_IROS,
  pages={3017--3024},
  year={2010},
}

@article{Kretzschmar:IJRR12,
  title={Information-theoretic compression of pose graphs for laser-based {SLAM}},
  author={H. Kretzschmar and C. Stachniss},
  journal=IJRR,
  volume={31},
  number={11},
  pages={1219--1230},
  year={2012},
  publisher={SAGE Publications}
}

@inproceedings{Carlevaris:ICRA13,
  title={Generic factor-based node marginalization and edge sparsification for pose-graph {SLAM}},
  author={N. Carlevaris-Bianco and R. M. Eustice},
  booktitle=IEEE_C_ICRA,
  pages={5748--5755},
  year={2013},
}

@inproceedings{Carlevaris:IROS13,
  title={Long-term simultaneous localization and mapping with generic linear constraint node removal},
  author={N. Carlevaris-Bianco and R. M. Eustice},
  booktitle=IEEE_C_IROS,
  pages={1034--1041},
  year={2013},
}

@inproceedings{Carlevaris:ICRA14,
  title={Conservative edge sparsification for graph {SLAM} node removal},
  author={N. Carlevaris-Bianco and R. M. Eustice},
  booktitle=IEEE_C_ICRA,
  pages={854--860},
  year={2014},
}
