
@article{Lu:ar97,
  title={Globally consistent range scan alignment for environment mapping},
  author={F. Lu and E. Milios},
  journal={Autonomous robots},
  volume={4},
  number={4},
  pages={333--349},
  year={1997},
  publisher={Springer}
}

@inproceedings{Kuemmerle:icra11,
  title={g2o: A general framework for graph optimization},
  author={R. Kuemmerle and G. Grisetti and H. Strasdat and K. Konolige and W. Burgard},
  booktitle=IEEE_C_ICRA,
  year={2011}
}

@ARTICLE{Grisetti:tits09,
    author = {G. Grisetti and C. Stachniss and W. Burgard},
    title = {Non-linear constraint network optimization for efficient map learning},
    journal = {IEEE Transactions on Intelligent Transportation Systems},
    year = {2009},
}
@inproceedings{Kaess:icra11,
  title={{iSAM2}: Incremental smoothing and mapping with fluid relinearization and incremental variable reordering},
  author={M. Kaess and H. Johannsson and R. Roberts and V. Ila and J. Leonard and F. Dellaert},
  booktitle=IEEE_C_ICRA,
  pages={3281--3288},
  year={2011},
}

@inproceedings{Gutmann:cira99,
  title={Incremental mapping of large cyclic environments},
  author={J.-S. Gutmann and K. Konolige},
  booktitle={{IEEE} International Symposium on Computational Intelligence in Robotics and Automation},
  pages={318--325},
  year={1999},
}

@article{Duckett:ar02,
  title={Fast, on-line learning of globally consistent maps},
  author={T. Duckett and S. Marsland and J. Shapiro},
  journal={Autonomous Robots},
  volume={12},
  number={3},
  pages={287--300},
  year={2002},
  publisher={Springer}
}


@inproceedings{Konolige:aaai04,
  title={Large-scale map-making},
  author={K. Konolige},
  booktitle={{AAAI} National Conference on Artificial Intelligence},
  pages={457--463},
  year={2004}
}

@inproceedings{Grisetti:icra10,
  title={Hierarchical optimization on manifolds for online 2D and 3D mapping},
  author={G. Grisetti and R. Kummerle and C. Stachniss and U. Frese and C. Hertzberg},
  booktitle=IEEE_C_ICRA,
  pages={273--278},
  year={2010},
}

@article{Frese:tr05,
  title={A multilevel relaxation algorithm for simultaneous localization and mapping},
  author={U. Frese and P. Larsson and T. Duckett},
  journal=IEEE_J_RA,
  volume={21},
  number={2},
  pages={196--207},
  year={2005},
}

@article{Carlone:tra14,
  title={From Angular Manifolds to the Integer Lattice: Guaranteed Orientation Estimation with Application to Pose Graph Optimization},
  author={L. Carlone and A. Censi},
  journal=IEEE_J_RA,
  year={2014}
}

@inproceedings{Eade:CVPR06,
  title={Scalable monocular {SLAM}},
  author={E. Eade and T. Drummond},
  booktitle=IEEE_C_CVPR,
  volume={1},
  pages={469--476},
  year={2006},
}

@inproceedings{Prazenica:GNCC05,
  title={Vision-based kalman filtering for aircraft state estimation and structure from motion},
  author={R. J. Prazenica and A. Watkins and A. J. Kurdila and Q. F. Ke and T. Kanade},
  booktitle={AIAA Guidance, Navigation, and Control Conference},
  volume={5},
  pages={3},
  year={2005}
}

@article{Sibley:JFR10,
  title={Sliding window filter with application to planetary landing},
  author={G. Sibley and L. Matthies and G. Sukhatme},
  journal=JFR,
  volume={27},
  number={5},
  pages={587--608},
  year={2010},
  publisher={Wiley Online Library}
}

@inproceedings{Li:ICRA13,
  title={Real-time motion tracking on a cellphone using inertial sensing and a rolling-shutter camera},
  author={M. Li and B. H. Kim and A. Mourikis},
  booktitle=IEEE_C_ICRA,
  pages={4712--4719},
  year={2013},
}

@inproceedings{Li:ICRA12,
  title={Improving the accuracy of {EKF}-based visual-inertial odometry},
  author={M. Li and A. Mourikis},
  booktitle=IEEE_C_ICRA,
  pages={828--835},
  year={2012},
}

@inproceedings{Li:IROS12,
  title={Vision-aided inertial navigation for resource-constrained systems},
  author={M. Li and A. Mourikis},
  booktitle=IEEE_C_IROS,
  pages={1057--1063},
  year={2012},
}

@incollection{Hesch:AFRX13,
  title={Towards consistent vision-aided inertial navigation},
  author={J. A. Hesch and D. G. Kottas and S. L. Bowman and S. I. Roumeliotis},
  booktitle={Algorithmic Foundations of Robotics X},
  pages={559--574},
  year={2013},
  publisher={Springer}
}

@article{Li:IJRR13,
  title={High-precision, consistent {EKF}-based visual-inertial odometry},
  author={M. Li and A. I. Mourikis},
  journal=IJRR,
  volume={32},
  number={6},
  pages={690--711},
  year={2013},
  publisher={SAGE Publications}
}

@inproceedings{Leutenegger:RSS13,
  title={Keyframe-Based Visual-Inertial SLAM using Nonlinear Optimization.},
  author={S. Leutenegger and P. T. Furgale and V. Rabaud and M. Chli and K. Konolige and R. Siegwart},
  booktitle=RSS,
  year={2013}
}


@article{Leutenegger:IJRR15,
  title={Keyframe-based visual-inertial odometry using nonlinear optimization},
  author={S. Leutenegger and S. Lynen and M. Bosse and R. Siegwart and P. Furgale},
  journal=IJRR,
  volume={34},
  number={3},
  pages={314--334},
  year={2015},
  publisher={SAGE Publications}
}

@inproceedings{Huster:OCEANS02,
  title={Relative position estimation for AUVs by fusing bearing and inertial rate sensor measurements},
  author={A. Huster and E. W. Frew and S. M. Rock},
  booktitle={MTS/IEEE OCEANS},
  volume={3},
  pages={1863--1870},
  year={2002},
}

@INPROCEEDINGS{Mourikis:ICRA07,
author={A. I. Mourikis and S. I. Roumeliotis},
booktitle=IEEE_C_ICRA,
title={A Multi-State Constraint Kalman Filter for Vision-aided Inertial Navigation},
year={2007},
pages={3565--3572},
}

@inproceedings{Kottas:IROS13,
  title={Detecting and dealing with hovering maneuvers in vision-aided inertial navigation systems},
  author={D. G. Kottas and K. J. Wu and S. Roumeliotis},
  booktitle=IEEE_C_IROS,
  pages={3172--3179},
  year={2013},
}

@article{Kim:RAS07,
  title={Real-time implementation of airborne inertial-SLAM},
  author={J. Kim and S. Sukkarieh},
  journal={Robotics and Autonomous Systems},
  volume={55},
  number={1},
  pages={62--71},
  year={2007},
  publisher={Elsevier}
}

@inproceedings{You:VR01,
  title={Fusion of vision and gyro tracking for robust augmented reality registration},
  author={S. You and U. Neumann},
  booktitle=IEEE_C_VR,
  pages={71--78},
  year={2001},
}

@inproceedings{Clement:CRV15,
  title={The Battle for Filter Supremacy: A Comparative Study of the Multi-State Constraint {K}alman {F}ilter and the {S}liding {W}indow {F}ilter},
  author={L. E. Clement and V. Peretroukhin and J. Lambert and J. Kelly},
  booktitle=IEEE_C_CRV,
  year={2015},
  pages={23--30},
}

@inproceedings{Kottas:RSS13,
  title={Exploiting Urban Scenes for Vision-aided Inertial Navigation.},
  author={D. G. Kottas and S. I. Roumeliotis},
  booktitle=RSS,
  year={2013}
}

@article{Mourikis:TRO09,
  title={Vision-aided inertial navigation for spacecraft entry, descent, and landing},
  author={A. Mourikis and N. Trawny and S. Roumeliotis and A. E. Johnson and A. Ansar and L. Matthies},
  journal=IEEE_J_RA,
  volume={25},
  number={2},
  pages={264--280},
  year={2009},
  publisher={IEEE}
}

@inproceedings{Ebcin:GNSS01,
  title={Tightly-Coupled Image-Aided Inertial Navigation Using the Unscented Kalman Filter},
  author={S. Ebcin and M. Veth},
  booktitle={International Technical Meeting of the Satellite Division of The Institute of Navigation (GNSS)},
  pages={1851--1860},
  year={2001}
}

@article{Fox:JAIR99,
  title={Markov localization for mobile robots in dynamic environments},
  author={D. Fox and W. Burgard and S. Thrun},
  journal=JAIR,
  pages={391--427},
  year={1999}
}

@inproceedings{Pupilli:BMVC05,
  title={Real-Time Camera Tracking Using a Particle Filter.},
  author={M. Pupilli and A. Calway},
  booktitle=BMVC,
  year={2005}
}

@inproceedings{Jung:CVPR01,
  title={Camera trajectory estimation using inertial sensor measurements and structure from motion results},
  author={S.-H. Jung and C. J. Taylor},
  booktitle=IEEE_C_CVPR,
  volume={2},
  pages={--732},
  year={2001},
  organization={IEEE}
}

@article{Huang:IJRR10,
  title={Observability-based rules for designing consistent {EKF} {SLAM} estimators},
  author={G. P. Huang and A. I. Mourikis and S. I. Roumeliotis},
  journal=IJRR,
  volume={29},
  number={5},
  pages={502--528},
  year={2010},
  publisher={SAGE Publications}
}

@inproceedings{Li:RSS13,
  title={Optimization-based estimator design for vision-aided inertial navigation},
  author={M. Li and A. I. Mourikis},
  booktitle=RSS,
  pages={241--248},
  year={2013}
}

@article{Chai:PTVE02,
  title={Three-dimensional motion and structure estimation using inertial sensors and computer vision for augmented reality},
  author={L. Chai and W. A. Hoff and T. Vincent},
  journal={Presence: Teleoperators and Virtual Environments},
  volume={11},
  number={5},
  pages={474--492},
  year={2002},
  publisher={MIT Press}
}

@inproceedings{Roumeliotis:ICRA02,
  title={Augmenting inertial navigation with image-based motion estimation},
  author={S. Roumeliotis and A. E. Johnson and J. F. Montgomery},
  booktitle=IEEE_C_ICRA,
  volume={4},
  pages={4326--4333},
  year={2002},
  organization={IEEE}
}

@inproceedings{Indelman:FUSION12,
  title={Factor graph based incremental smoothing in inertial navigation systems},
  author={V. Indelman and S. Williams and M. Kaess and F. Dellaert},
  booktitle=FUSION,
  pages={2154--2161},
  year={2012},
}

@article{Mei:IJCV11,
  title={{RSLAM}: A system for large-scale mapping in constant-time using stereo},
  author={C. Mei and G. Sibley and M. Cummins and P. Newman and I. Reid},
  journal=IJCV,
  volume={94},
  number={2},
  pages={198--214},
  year={2011},
  publisher={Springer}
}

@inproceedings{Lynen:IROS13,
  title={A robust and modular multi-sensor fusion approach applied to {MAV} navigation},
  author={S. Lynen and M. W. Achtelik and S. Weiss and M. Chli and R. Siegwart},
  booktitle=IEEE_C_IROS,
  pages={3923--3929},
  year={2013},
}

@inproceedings{Weiss:ICRA12,
  title={Real-time onboard visual-inertial state estimation and self-calibration of {MAV}s in unknown environments},
  author={S. Weiss and M. W. Achtelik and S. Lynen and M. Chli and R. Siegwart},
  booktitle=IEEE_C_ICRA,
  pages={957--964},
  year={2012},
}

@article{Kelly:IJRR11,
  title={Visual-inertial sensor fusion: Localization, mapping and sensor-to-sensor self-calibration},
  author={J. Kelly and G. S. Sukhatme},
  journal=IJRR,
  volume={30},
  number={1},
  pages={56--79},
  year={2011},
  publisher={SAGE Publications}
}

@incollection{Konolige:RR11,
  title={Large-scale visual odometry for rough terrain},
  author={K. Konolige and M. Agrawal and J. Sola},
  booktitle={Robotics Research},
  pages={201--212},
  year={2011},
  publisher={Springer}
}

@inproceedings{Agrawal:IROS06,
  title={A Lie algebraic approach for consistent pose registration for general euclidean motion},
  author={M. Agrawal},
  booktitle=IEEE_C_IROS,
  pages={1891--1897},
  year={2006},
}

@inproceedings{Bayard:ACC05,
  title={An estimation algorithm for vision-based exploration of small bodies in space},
  author={D. S. Bayard and P. B. Brugarolas},
  booktitle=IEEE_C_ACC,
  pages={4589--4595},
  year={2005},
}

@inproceedings{Jia:MMSP12,
  title={Probabilistic 3-{D} motion estimation for rolling shutter video rectification from visual and inertial measurements},
  author={C. Jia and B. L. Evans},
  booktitle={{IEEE} International Workshop on Multimedia Signal Processing (MMSP)},
  pages={203--208},
  year={2012},
}

@article{Lobo:IJRR07,
  title={Relative pose calibration between visual and inertial sensors},
  author={J. Lobo and J. Dias},
  journal=IJRR,
  volume={26},
  number={6},
  pages={561--575},
  year={2007},
  publisher={SAGE Publications}
}

@inproceedings{Jones:WDV07,
  title={Inertial structure from motion with autocalibration},
  author={E. Jones and A. Vedaldi and S. Soatto},
  booktitle={Workshop on Dynamical Vision},
  year={2007}
}

@article{Jones:IJRR11,
  title={Visual-inertial navigation, mapping and localization: A scalable real-time causal approach},
  author={E. S. Jones and S. Soatto},
  journal=IJRR,
  volume={30},
  number={4},
  pages={407--430},
  year={2011},
  publisher={SAGE Publications}
}

@inproceedings{DongSi:IROS12,
  title={Estimator initialization in vision-aided inertial navigation with unknown camera-IMU calibration},
  author={T.-C. Dong-Si and A. I. Mourikis},
  booktitle=IEEE_C_IROS,
  pages={1064--1071},
  year={2012},
}

@inproceedings{Li:MVIGRO14,
  title={A Convex Formulation for Motion Estimation using Visual and Inertial Sensors},
  author={M. Li and A. I. Mourikis},
  booktitle={Workshop on Multi-View Geometry in Robotics},
  year={2014}
}

@inproceedings{Bryson:ICRA09,
  title={Airborne smoothing and mapping using vision and inertial sensors},
  author={M. Bryson and M. Johnson-Roberson and S. Sukkarieh},
  booktitle=IEEE_C_ICRA,
  pages={2037--2042},
  year={2009},
}

@article{Kaess:IJRR11,
  title={{iSAM2}: Incremental smoothing and mapping using the Bayes tree},
  author={M. Kaess and H. Johannsson and R. Roberts and V. Ila and J. J. Leonard and F. Dellaert},
  journal=IJRR,
  pages={1--20},
  year={2011},
  publisher={Sage Publications}
}

@inproceedings{DongSi:ICRA11,
  title={Motion tracking with fixed-lag smoothing: Algorithm and consistency analysis},
  author={T.-C. Dong-Si and A. I. Mourikis},
  booktitle=IEEE_C_ICRA,
  pages={5655--5662},
  year={2011},
}

@inproceedings{Huang:IROS11,
  title={An observability-constrained sliding window filter for SLAM},
  author={G. P. Huang and A. I. Mourikis and S. Roumeliotis},
  booktitle=IEEE_C_IROS,
  pages={65--72},
  year={2011},
}

@inproceedings{Huang:ICRA08,
  title={Analysis and improvement of the consistency of extended Kalman filter based SLAM},
  author={G. P. Huang and A. I. Mourikis and S. I. Roumeliotis},
  booktitle=IEEE_C_ICRA,
  pages={473--479},
  year={2008},
}


@inproceedings{Nerurkar:ICRA14,
  title={{C-KLAM}: Constrained keyframe-based localization and mapping},
  author={E. D. Nerurkar D and K. J. Wu and S. Roumeliotis},
  booktitle=IEEE_C_ICRA,
  pages={3638--3643},
  year={2014},
}

@article{Martinelli:FTROB13,
  title={Observabilty Properties and Deterministic Algorithms in Visual-Inertial Structure from Motion},
  author={A. Martinelli},
  journal=FnTROB,
  pages={1--75},
  year={2013}
}

@article{Martinelli:TRO12,
  title={Vision and IMU data fusion: Closed-form solutions for attitude, speed, absolute scale, and bias determination},
  author={A. Martinelli},
  journal=IEEE_J_RA,
  volume={28},
  number={1},
  pages={44--60},
  year={2012},
  publisher={IEEE}
}

@article{Martinelli:IJCV14,
  title={Closed-form solution of visual-inertial structure from motion},
  author={A. Martinelli},
  journal=IJCV,
  volume={106},
  number={2},
  pages={138--152},
  year={2014},
  publisher={Springer}
}

@article{Martinelli:TRO11,
  title={State estimation based on the concept of continuous symmetry and observability analysis: The case of calibration},
  author={A. Martinelli},
  journal=IEEE_J_RA,
  volume={27},
  number={2},
  pages={239--255},
  year={2011},
  publisher={IEEE}
}

@inproceedings{Kottas:ER13,
  title={On the consistency of vision-aided inertial navigation},
  author={D. G. Kottas and J. A. Hesch and S. L. Bowman and S. I. Roumeliotis},
  booktitle={Experimental Robotics},
  pages={303--317},
  year={2013},
  organization={Springer}
}

@inproceedings{Pinies:ICRA07,
  title={Inertial aiding of inverse depth SLAM using a monocular camera},
  author={P. Pini{\'e}s and T. Lupton and S. Sukkarieh and J. D. Tard{\'o}s},
  booktitle=IEEE_C_ICRA,
  pages={2797--2802},
  year={2007},
}

@INPROCEEDINGS{Civera:RSS06,
    author = {J. Civera and A. J. Davison and J. M. Mart{\'i}nez Montiel},
    title = {Unified inverse depth parametrization for monocular slam},
    booktitle = RSS,
    year = {2006}
}

@inproceedings{Mourikis:CVPRW08,
  title={A dual-layer estimator architecture for long-term localization},
  author={A. Mourikis and S. Roumeliotis},
  booktitle={{IEEE} Conference on Computer Vision and Pattern Recognition Workshops},
  pages={1--8},
  year={2008},
}

@inproceedings{Tardif:IROS10,
  title={A new approach to vision-aided inertial navigation},
  author={J.-P. Tardif and M. George and M. Laverne and A. Kelly and A. Stentz},
  booktitle=IEEE_C_IROS,
  pages={4161--4168},
  year={2010},
}

@inproceedings{Weiss:ICRA11,
  title={Real-time metric state estimation for modular vision-inertial systems},
  author={S. Weiss and R. Siegwart},
  booktitle=IEEE_C_ICRA,
  pages={4531--4537},
  year={2011},
}

@inproceedings{Ma:ICRA12,
  title={Robust multi-sensor, day/night {6-DOF} pose estimation for a dynamic legged vehicle in {GPS}-denied environments},
  author={J. Ma and S. Susca and M. Bajracharya and L. Matthies and M. Malchano and D. Wooden},
  booktitle=IEEE_C_ICRA,
  pages={619--626},
  year={2012},
}

@inproceedings{Oskiper:CVPR07,
  title={Visual odometry system using multiple stereo cameras and inertial measurement unit},
  author={T. Oskiper and Z. Zhu and S. Samarasekera and R. Kumar},
  booktitle=IEEE_C_CVPR,
  pages={1--8},
  year={2007},
}

@inproceedings{Kleinert:MFI10,
  title={Inertial aided monocular {SLAM} for {GPS}-denied navigation},
  author={M. Kleinert and S. Schleith},
  booktitle=IEEE_C_MFI,
  pages={20--25},
  year={2010},
}

@inproceedings{Diel:WACV05,
  title={Epipolar constraints for vision-aided inertial navigation},
  author={D. D. Diel and P. DeBitetto and S. Teller},
  booktitle={{IEEE} Workshops on Application of Computer Vision},
  volume={2},
  pages={221--228},
  year={2005},
}

@inproceedings{Brockers:SPIE12,
  title={Fully self-contained vision-aided navigation and landing of a micro air vehicle independent from external sensor inputs},
  author={R. Brockers and S. Susca and D. Zhu and L. Matthies},
  booktitle={SPIE Defense, Security, and Sensing},
  pages={83870Q},
  year={2012},
  organization={International Society for Optics and Photonics}
}

@inproceedings{Shkurti:IROS11,
  title={State estimation of an underwater robot using visual and inertial information},
  author={F. Shkurti and I. Rekleitis and M. Scaccia and G. Dudek},
  booktitle=IEEE_C_IROS,
  pages={5054--5060},
  year={2011},
}

@inproceedings{Williams:ICRA00,
  title={Autonomous underwater simultaneous localisation and map building},
  author={S. B. Williams and P. Newman and G. Dissanayake and H. Durrant-Whyte},
  booktitle=IEEE_C_ICRA,
  volume={2},
  pages={1793--1798},
  year={2000},
}

@inproceedings{Kim:ICRA03,
  title={Airborne simultaneous localisation and map building},
  author={J.-H. Kim and S. Sukkarieh},
  booktitle=IEEE_C_ICRA,
  volume={1},
  pages={406--411},
  year={2003},
}

@inproceedings{Julier:ICRA01,
  title={A counter example to the theory of simultaneous localization and map building},
  author={S. J. Julier and J. K. Uhlmann},
  booktitle=IEEE_C_ICRA,
  volume={4},
  pages={4238--4243},
  year={2001},
}

@inproceedings{Castellanos:SIAV04,
  title={Limits to the consistency of {EKF}-based {SLAM}},
  author={J. Castellanos and J. Neira and J. Tardos},
  booktitle={{IFAC} Symposium on Intelligent Autonomous Vehicles},
  pages={1244-1249},
  year={2004},
}

@inproceedings{Bailey:IROS06,
  title={Consistency of the {EKF-SLAM} algorithm},
  author={T. Bailey and J. Nieto and J. Guivant and M. Stevens and E. Nebot},
  booktitle=IEEE_C_IROS,
  pages={3562--3568},
  year={2006},
}

@article{Castellanos:RAS07,
  title={Robocentric map joining: Improving the consistency of {EKF-SLAM}},
  author={J. A. Castellanos and R. Martinez-Cantin and J. D. Tard{\'o}s and J. Neira},
  journal={Robotics and Autonomous Systems},
  volume={55},
  number={1},
  pages={21--29},
  year={2007},
  publisher={Elsevier}
}




@incollection{Indelman:NDRV15,
  title={Incremental Light Bundle Adjustment: Probabilistic Analysis and Application to Robotic Navigation},
  author={V. Indelman and F. Dellaert},
  booktitle={New Development in Robot Vision},
  pages={111--136},
  year={2015},
  publisher={Springer}
}


@inproceedings{Montemerlo:AAAI02,
  title={{FastSLAM}: A factored solution to the simultaneous localization and mapping problem},
  author={M. Montemerlo and S. Thrun and D. Koller and B. Wegbreit},
  booktitle=AAAI_NCAI,
  pages={593--598},
  year={2002}
}

@inproceedings{Montemerlo:ICAI03,
  title={{FastSLAM 2.0}: an improved particle filtering algorithm for simultaneous localization and mapping that provably converges},
  author={M. Montemerlo and S. Thrun and D. Roller and B. Wegbreit},
  booktitle={International Joint Conference on Artificial intelligence},
  pages={1151--1156},
  year={2003},
  organization={Morgan Kaufmann Publishers Inc.}
}

@article{Grisetti:TRO07,
  title={Improved techniques for grid mapping with {R}ao-{B}lackwellized particle filters},
  author={G. Grisetti and C. Stachniss and W. Burgard},
  journal=IEEE_J_RA,
  volume={23},
  number={1},
  pages={34--46},
  year={2007},
  publisher={IEEE}
}

@article{Durrant:RAM06,
  title={Simultaneous localization and mapping: part {I}},
  author={H. Durrant-Whyte and T. Bailey},
  journal=IEEE_M_RA,
  volume={13},
  number={2},
  pages={99--110},
  year={2006},
  publisher={IEEE}
}

@article{Bailey:RAM06,
  title={Simultaneous localization and mapping ({SLAM}): Part {II}},
  author={T. Bailey and H. Durrant-Whyte},
  journal=IEEE_M_RA,
  volume={13},
  number={3},
  pages={108--117},
  year={2006},
  publisher={IEEE}
}

@inproceedings{Hernandez:ICRA15,
  title={Observability, identifiability and sensitivity of vision-aided inertial navigation},
  author={J. Hernandez and K. Tsotsos and S. Soatto},
  booktitle=IEEE_C_ICRA,
  year={2015}
}

@inproceedings{Boots:ICML13,
  title={A Spectral Learning Approach to {R}ange-{O}nly {SLAM}},
  author={B. Boots and G. Gordon},
  booktitle=ICML,
  pages={19--26},
  year=2013
}

@article{Dellaert:IJRR06,
  title={{Square Root SAM}: Simultaneous localization and mapping via square root information smoothing},
  author={F. Dellaert and M. Kaess},
  journal=IJRR,
  volume={25},
  number={12},
  pages={1181--1203},
  year={2006},
  publisher={SAGE Publications}
}

@inproceedings{Olson:ICRA06,
  title={Fast iterative alignment of pose graphs with poor initial estimates},
  author={E. Olson and J.Leonard and S. Teller},
  booktitle=IEEE_C_ICRA,
  pages={2262--2269},
  year={2006},
  organization={IEEE}
}

@inproceedings{Klein:ISMAR07,
  title={Parallel tracking and mapping for small AR workspaces},
  author={G. Klein and D. Murray},
  booktitle=ACM_C_ISMAR,
  pages={225--234},
  year={2007},
}

@article{Grisetti:ITSM10,
  title={A tutorial on graph-based {SLAM}},
  author={G. Grisetti and R. K{\"u}mmerle and C. Stachniss and W. Burgard},
  journal=IEEE_M_ITS,
  volume={2},
  number={4},
  pages={31--43},
  year={2010},
  publisher={IEEE}
}

@article{Thrun:IJRR06,
  title={The graph {SLAM} algorithm with applications to large-scale mapping of urban structures},
  author={S. Thrun and M. Montemerlo},
  journal=IJRR,
  volume={25},
  number={5-6},
  pages={403--429},
  year={2006},
  publisher={SAGE Publications}
}

@inproceedings{Nister:CVPR06,
  title={Scalable recognition with a vocabulary tree},
  author={D. Nister and H. Stewenius},
  booktitle=IEEE_C_CVPR,
  volume={2},
  pages={2161--2168},
  year={2006},
  organization={IEEE}
}

@article{Cummins:IJRR11,
  title={Appearance-only {SLAM} at large scale with {FAB-MAP 2.0}},
  author={M. Cummins and P. Newman},
  journal=IJRR,
  volume={30},
  number={9},
  pages={1100--1123},
  year={2011},
  publisher={SAGE Publications}
}

@inproceedings{Concha:ICRA16,
title = {Visual-inertial direct {SLAM}},
booktitle = IEEE_C_ICRA,
author = {Concha, A. and Loianno, G. and Kumar, V. and Civera, J.},
year = {2016},
pages = {1331--1338}
}

@inproceedings{Omari:ICRA15,
  title={Dense visual-inertial navigation system for mobile robots},
  author={Omari, Sammy and Bloesch, Michael and Gohl, Pascal and Siegwart, Roland},
  booktitle=IEEE_C_ICRA,
  pages={2634--2640},
  year={2015},
}

@inproceedings{Ma:FSR16,
  title={Large scale dense visual inertial slam},
  author={Ma, Lu and Falquez, Juan M and McGuire, Steve and Sibley, Gabe},
  booktitle={Field and Service Robotics},
  pages={141--155},
  year={2016},
  organization={Springer}
}

@article{Strelow:IJRR04,
  title={Motion estimation from image and inertial measurements},
  author={Strelow, D. and Singh, S.},
  journal=IJRR,
  volume={23},
  number={12},
  pages={1157--1195},
  year={2004},
  publisher={SAGE Publications}
}

@article{Patron:IJCV15,
  title={A spline-based trajectory representation for sensor fusion and rolling shutter cameras},
  author={Patron-Perez, A. and Lovegrove, S. and Sibley, G.},
  journal=IJCV,
  volume={113},
  number={3},
  pages={208--219},
  year={2015},
  publisher={Springer}
}
