@misc{Vedaldi:08,
 Author = {A. Vedaldi and B. Fulkerson},
 Title = {{VLFeat}: An Open and Portable Library of Computer Vision Algorithms},
 Year  = {2008},
 Howpublished = {\url{http://www.vlfeat.org/}}
}

@article{Boumal:14,
  author  = {N. Boumal and B. Mishra and P.-A. Absil and R. Sepulchre},
  title   = {{M}anopt, a {M}atlab Toolbox for Optimization on Manifolds},
  journal = {Journal of Machine Learning Research},
  year    = {2014},
  volume  = {15},
  pages   = {1455--1459},
  url     = {http://www.manopt.org}
}

@misc{Dellaert:08,
 Author = {F. Dellaert},
 Title = {Georgia Tech Smoothing and Mapping ({GTSAM})},
 Howpublished = {\url{http://tinyurl.com/gtsam}}
}

@misc{Google:Tango,
 Author = {Google},
 Title = {{P}roject {T}ango},
 Howpublished = {\url{https://www.google.com/atap/project-tango/}}
}

@misc{Graffiti,
 Author = {Visual Geometry Group, University of Oxford},
 Title = {Graffiti dataset},
 Howpublished = {\url{http://www.robots.ox.ac.uk/~vgg/data/data-aff.html}}
}

@misc{ROS,
 Author = {ros.org},
 Title = {{R}obot {O}perating {S}ystem ({ROS})},
 Howpublished = {\url{http://www.ros.org/}}
}

@misc{USARSim,
 Author = {S. Carpin and M. Lewis and J. Wang and S. Balakirsky and C. Scrapper},
 Title = {{U}rban {S}earch and {R}escue {S}imulation ({USARSim})},
 Howpublished = {\url{https://sourceforge.net/projects/usarsim/}}
}

@misc{USARSimROS,
 Author = {NIST},
 Title = {Interface between {USARSim} and {ROS} ({USARSimRos})},
 Howpublished = {\url{https://sourceforge.net/projects/usarsim/}}
}

@misc{Gazebo,
 Author = {Open Source Robotics Foundation},
 Title = {Gazebo simulator},
 Howpublished = {\url{http://gazebosim.org/}}
}

@misc{MoveIt,
 Author = {I. A. Sucan and S. Chitta},
 Title = {MoveIt!},
 Howpublished = {\url{http://moveit.ros.org}}
}

@inproceedings{Carpin:ICRA07,
  title={{USARSim}: a robot simulator for research and education},
  author={S. Carpin and M. Lewis and J. Wang and S. Balakirsky and C. Scrapper},
  booktitle=IEEE_C_ICRA,
  pages={1400--1405},
  year={2007},
  organization={IEEE}
}

@misc{OpenCV,
 Author = {{Intel Corporation - Itseez}},
 Title = {Open source {C}omputer {V}ision ({OpenCV})},
 Howpublished = {\url{http://www.opencv.org/}}
}

@misc{CeresSolver,
 Author = {Google Inc.},
 Title = {Ceres Solver},
 Howpublished = {\url{http://www.ceres-solver.org/}}
}

@misc{ParrotRollingSpiderEdu,
 Author = {Parrot SA},
 Title = {RollingSpiderEdu {Git} Repository},
 Howpublished = {\url{https://github.com/Parrot-Developers/RollingSpiderEdu/}}
}

@article{Heller:OMS16,
  title={GpoSolver: a {Matlab/C++} toolbox for global polynomial optimization},
  author={Heller, Jan and Pajdla, Tomas},
  journal={Optimization Methods and Software},
  volume={31},
  number={2},
  pages={405--434},
  year={2016},
  publisher={Taylor \& Francis}
}

@misc{Lichman:13,
author = "M. Lichman",
title = "{UCI} Machine Learning Repository",
url = "http://archive.ics.uci.edu/ml",
institution = "University of California, Irvine, School of Information and Computer Sciences" }

@misc{tensorflow2015,
title={ {TensorFlow}: Large-Scale Machine Learning on Heterogeneous Systems},
url={http://tensorflow.org/},
note={Software available from tensorflow.org},
author={
    Mart\'{\i}n~Abadi and
    Ashish~Agarwal and
    Paul~Barham and
    Eugene~Brevdo and
    Zhifeng~Chen and
    Craig~Citro and
    Greg~S.~Corrado and
    Andy~Davis and
    Jeffrey~Dean and
    Matthieu~Devin and
    Sanjay~Ghemawat and
    Ian~Goodfellow and
    Andrew~Harp and
    Geoffrey~Irving and
    Michael~Isard and
    Yangqing Jia and
    Rafal~Jozefowicz and
    Lukasz~Kaiser and
    Manjunath~Kudlur and
    Josh~Levenberg and
    Dan~Man\'{e} and
    Rajat~Monga and
    Sherry~Moore and
    Derek~Murray and
    Chris~Olah and
    Mike~Schuster and
    Jonathon~Shlens and
    Benoit~Steiner and
    Ilya~Sutskever and
    Kunal~Talwar and
    Paul~Tucker and
    Vincent~Vanhoucke and
    Vijay~Vasudevan and
    Fernanda~Vi\'{e}gas and
    Oriol~Vinyals and
    Pete~Warden and
    Martin~Wattenberg and
    Martin~Wicke and
    Yuan~Yu and
    Xiaoqiang~Zheng},
  year=2015,
}
