@Article{Candes:JACM11,
  Title                    = {Robust principal component analysis?},
  Author                   = {E. J. Cand{\`e}s and X. Li and Y. Ma and J. Wright},
  Journal                  = ACM_J,
  Year                     = {2011},
  Number                   = {3},
  Pages                    = {11},
  Volume                   = {58},
  Publisher                = {ACM}
}

@Article{Cai:SJO10,
  Title                    = {A Singular Value Thresholding Algorithm for Matrix Completion},
  Author                   = {J. F. Cai and E.J. Cand{\`e}s and Z. Shen},
  Journal                  = SIAM_J_O,
  Year                     = {2010},
  Pages                    = {1956},
  Volume                   = {20},
}

@inbook{Bach:chapter11,
  chapter={Convex optimization with sparsity-inducing norms},
  author={F. Bach and R. Jenatton and J. Mairal and G. Obozinski},
  title={Optimization for Machine Learning},
  pages={19--53},
  year={2011},
  publisher={MIT Press}
}

