@article{Vidal:SPM11,
  title={Subspace Clustering},
  author={R. Vidal},
  journal=IEEE_M_SP,
  volume={2},
  number={28},
  pages={52--68},
  year={2011}
}

@article{Elhamifar:PAMI13,
  title={Sparse subspace clustering: Algorithm, theory, and applications},
  author={E. Elhamifar and R. Vidal},
  journal=IEEE_J_PAMI,
  volume={35},
  number={11},
  pages={2765--2781},
  year={2013},
  publisher={IEEE}
}

@article{Liu:PAMI13,
  title={Robust recovery of subspace structures by low-rank representation},
  author={G. Liu and Z. Lin and S. Yan and J. Sun and Y. Yu and Y. Ma},
  journal=IEEE_J_PAMI,
  volume={35},
  number={1},
  pages={171--184},
  year={2013},
  publisher={IEEE}
}

@article{Chen:IJCV09,
  title={Spectral curvature clustering {(SCC)}},
  author={G. Chen and G. Lerman},
  journal=IJCV,
  volume={81},
  number={3},
  pages={317--330},
  year={2009},
  publisher={Springer}
}

