@article{Liu:JSV97,
  title={Identification of linear time-varying systems},
  author={K. Liu},
  journal={Journal of Sound and Vibration},
  volume={206},
  number={4},
  pages={487--505},
  year={1997},
  publisher={Elsevier}
}

@book{VanOverschee:book94,
  title={Subspace identification for linear systems: Theory - Implementation - Applications},
  author={P. {Van Overschee} and B. L. De Moor},
  year={1994},
  publisher={Springer Science \& Business Media}
}
