@article{Luo:TRO15,
  title={Provably-good distributed algorithm for constrained multi-robot task assignment for grouped tasks},
  author={Luo, Lingzhi and Chakraborty, Nilanjan and Sycara, Katia},
  journal={Robotics, IEEE Transactions on},
  volume={31},
  number={1},
  pages={19--30},
  year={2015},
  publisher={IEEE}
}

@inproceedings{Bertsekas:CDC85,
  title={A distributed asynchronous relaxation algorithm for the assignment problem},
  author={Bertsekas, Dimitri P},
  booktitle={Decision and Control, 1985 24th IEEE Conference on},
  pages={1703--1704},
  year={1985},
  organization={IEEE}
}

@inproceedings{Liu:RSS14,
  title={Fully decentralized task swaps with optimized local searching},
  author={Liu, Lantao and Michael, Nathan and Shell, Dylan},
  booktitle={Proceedings of Robotics: Science and Systems},
  year={2014}
}

@inproceedings{Burger:ACC11,
  title={A distributed simplex algorithm and the multi-agent assignment problem},
  author={Burger, Mathias and Notarstefano, Giuseppe and Allgower, Frank and Bullo, Francesco},
  booktitle={American Control Conference (ACC), 2011},
  pages={2639--2644},
  year={2011},
  organization={IEEE}
}

@inproceedings{Johnson:CDC12,
  title={Allowing non-submodular score functions in distributed task allocation},
  author={Johnson, Luke and Choi, Han-Lim and Ponda, Sameera and How, Jonathan P},
  booktitle={Decision and Control (CDC), 2012 IEEE 51st Annual Conference on},
  pages={4702--4708},
  year={2012},
  organization={IEEE}
}

@article{Choi:TRO09,
  title={Consensus-based decentralized auctions for robust task allocation},
  author={Choi, Han-Lim and Brunet, Luc and How, Jonathan P},
  journal={Robotics, IEEE Transactions on},
  volume={25},
  number={4},
  pages={912--926},
  year={2009},
  publisher={IEEE}
}

@inproceedings{Johnson:GNC10,
  title={Improving the efficiency of a decentralized tasking algorithm for UAV teams with asynchronous communications},
  author={Johnson, Luke B and Ponda, Sameera and Choi, Han-Lim and How, Jonathan P},
  booktitle={AIAA Guidance, Navigation, and Control Conference (GNC)},
  volume={5},
  pages={5406--5411},
  year={2010}
}

@article{Bertsekas:PC91,
  title={Parallel synchronous and asynchronous implementations of the auction algorithm},
  author={Bertsekas, Dimitri P and Casta{\~n}on, David A},
  journal={Parallel Computing},
  volume={17},
  number={6},
  pages={707--732},
  year={1991},
  publisher={Elsevier}
}
