@article{snelson2012art,
  title={The art of tensegrity},
  author={Snelson, Kenneth},
  journal={International Journal of Space Structures},
  volume={27},
  number={2-3},
  pages={71--80},
  year={2012},
  publisher={SAGE Publications}
}

@inproceedings{bruce2014superball,
  title={{SUPERball}: Exploring tensegrities for planetary probes},
  author={Bruce, Jonathan and Sabelhaus, A and Chen, Yangxin and Lu, Dizhou and Morse, Kyle and Milam, Sophie and Caluwaerts, Ken and Agogino, Alice M and SunSpiral, Vytas},
  booktitle={International Symposium on Artificial Intelligence, Robotics and Automation in Space},
  year={2014}
}

@inproceedings{kim2016hopping,
  title={Hopping and rolling locomotion with spherical tensegrity robots},
  author={Kim, Kyunam and Chen, Lee-Huang and Cera, Brian and Daly, Mallory and Zhu, Edward and Despois, Julien and Agogino, Adrian K and SunSpiral, Vytas and Agogino, Alice M},
  booktitle=IEEE_C_IROS,
  pages={4369--4376},
  year={2016},
}

@inproceedings{zhang2017deep,
  title={Deep reinforcement learning for tensegrity robot locomotion},
  author={Zhang, Marvin and Geng, Xinyang and Bruce, Jonathan and Caluwaerts, Ken and Vespignani, Massimo and SunSpiral, Vytas and Abbeel, Pieter and Levine, Sergey},
  booktitle=IEEE_C_ICRA,
  pages={634--641},
  year={2017},
}
