@CONFERENCE{Tron:CVPR07,
  author = {R. Tron and R. Vidal},
  title = {A Benchmark for the Comparison of 3-{D} Motion Segmentation Algorithms},
  booktitle = IEEE_C_CVPR,
  year = {2007},
}

@inproceedings{Rao:CVPR08,
  title={Motion segmentation via robust subspace separation in the presence of outlying, incomplete, or corrupted trajectories},
  author={S. R. Rao and R. Tron and R. Vidal and Y. Ma},
  booktitle=IEEE_C_CVPR,
  pages={1--8},
  year={2008},
  organization={IEEE}
}

@article{Vidal:IJCV08,
  title={Multiframe motion segmentation with missing data using {P}ower{F}actorization and {GPCA}},
  author={R. Vidal and R. Tron and R. Hartley},
  journal=IJCV,
  volume={79},
  number={1},
  pages={85--105},
  year={2008},
  publisher={Springer Netherlands}
}

@INPROCEEDINGS{Tron:ICDSC08,
  author = {R. Tron and R. Vidal and A. Terzis},
  title = {Distributed pose averaging in camera networks via consensus on {${SE(3)}$}},
  booktitle = IEEE_C_ICDSC,
  year = 2008,
}

@inproceedings{Tron:OMNIVIS08,
  title={Distributed face recognition via consensus on {${SE(3)}$}},
  author={R. Tron and R. Vidal},
  booktitle={Workshop on Omnidirectional Vision, Camera Networks and Non-classical Cameras},
  year={2008}
}

@INPROCEEDINGS{Tron:CDC09,
  author = {R. Tron and R. Vidal},
  title = {Distributed Image-Based {3-D} Localization in Camera Sensor Networks},
  booktitle = IEEE_C_CDC,
  year = {2009},
}

@article{Rao:PAMI10,
  title={Motion segmentation in the presence of outlying, incomplete, or corrupted trajectories},
  author={S. Rao and R. Tron and R. Vidal and Y. Ma},
  journal=IEEE_J_PAMI,
  volume={32},
  number={10},
  pages={1832--1845},
  year={2010},
  publisher={IEEE}
}

@inproceedings{Chen:CDC10,
  title={Corrective consensus: Converging to the exact average},
  author={Y. Chen and R. Tron and A. Terzis and R. Vidal},
  booktitle=IEEE_C_CDC,
  pages={1221--1228},
  year={2010},
}

@incollection{Tron:chapter11,
  title={Distributed consensus algorithms for image-based localization in camera sensor networks},
  author={R. Tron and A. Terzis and R. Vidal},
  booktitle={Distributed Video Sensor Networks},
  pages={289--302},
  year={2011},
  publisher={Springer}
}

@article{Tron:SPM11,
  title={Distributed computer vision algorithms},
  author={R. Tron and R. Vidal},
  journal=IEEE_M_SP,
  volume={28},
  number={3},
  pages={32--45},
  year={2011},
  publisher={IEEE}
}

@inproceedings{Tron:CVPR11,
  title={Distributed computer vision algorithms through distributed averaging},
  author={R. Tron and R. Vidal},
  booktitle=IEEE_C_CVPR,
  pages={57--63},
  year={2011},
  organization={IEEE}
}

@inproceedings{Chen:ACC11,
  title={Accelerated corrective consensus: Converge to the exact average at a faster rate},
  author={Y. Chen and R. Tron and A. Terzis and R. Vidal},
  booktitle=IEEE_C_ACC,
  pages={3417--3422},
  year={2011},
}

@inproceedings{Chen:CDC11,
  title={Corrective consensus with asymmetric wireless links},
  author={Y. Chen and R. Tron and A. Terzis and R. Vidal},
  booktitle=IEEE_C_CDC,
  pages={6660--6665},
  year={2011},
  organization={IEEE}
}

@CONFERENCE{Tron:CDC11,
  author = {R. Tron and R. Vidal},
  title = {Average Consensus on Riemannian Manifolds with Bounded Curvature},
  booktitle = IEEE_C_CDC,
  year = {2011},
}

@PhdThesis{Tron:Thesis12,
  author = 	 {R. Tron},
  title = 	 {Distributed optimization on manifolds for consensus algorithms and camera network localization},
  school = 	 {The Johns Hopkins University},
  year = 	 2012,
}

@inproceedings{Tron:CDC12,
  title={Intrinsic consensus on {${SO(3)}$} with almost-global convergence},
  author={R. Tron and B. Afsari and R. Vidal},
  booktitle= IEEE_C_CDC,
  pages={2052--2058},
  year={2012}
}

@inproceedings{Singaraju:ICASSP12,
  title={On the {L}agrangian biduality of sparsity minimization problems},
  author={D. Singaraju and R. Tron and E. Elhamifar and A. Y. Yang and S. Sastry},
  booktitle=IEEE_C_ICASSP,
  pages={3429--3432},
  year={2012},
  organization={IEEE}
}

@article{Tron:TAC13,
  title={Riemannian consensus for manifolds with bounded curvature},
  author={R. Tron{} and B. Afsari and R. Vidal},
  journal=IEEE_J_AC,
  volume=58,
  number=4,
  pages={921--934},
  year=2013,
  publisher={IEEE}
}

@CONFERENCE{Tron:CVPR14,
  author = {R. Tron and K. Daniilidis},
  title = {On the quotient representation for the essential manifold},
  booktitle = IEEE_C_CVPR,
  year = {2014},
}

@article{Afsari:SJCO13,
  title={On the convergence of gradient descent for finding the Riemannian center of mass},
  author={B. Afsari and R. Tron and R. Vidal},
  journal=SIAM_J_CO,
  volume={51},
  number={3},
  pages={2230--2260},
  year={2013},
  publisher={SIAM}
}


@inproceedings{Tron:ECCV14,
  author={R. Tron and K. Daniilidis},
  title={Statistical Pose Averaging with Varying and Non-Isotropic Covariances},
  booktitle=IEEE_C_ECCV,
  year={2014}
}

@inproceedings{Tron:MVIGRO14,
  author={R. Tron and P. Osteen and J. Owens and K. Daniilidis},
  title={Pose Optimization for the Registration of Multiple Heterogeneous Views},
  booktitle={Workshop on Multi-View Geometry in Robotics},
  year={2014}
}

@inproceedings{Tron:DCE14,
  author={R. Tron and J. Thomas and G. Loianno and J. Polin and V. Kumar and K. Daniilidis},
  title={Vision-based formation control of aerial vehicles},
  booktitle={Workshop on Distributed Control and Estimation for Robotic Vehicle Networks},
  year={2014}
}

@CONFERENCE{Tron:ICRA14,
  author = {R. Tron and K. Daniilidis},
  title = {An Optimization Approach to Bearing-Only Visual Homing with Applications to a 2-{D} Unicycle Model},
  booktitle = IEEE_C_ICRA,
  year = {2014},
}

@unpublished{Tron:Arxiv14,
  author = 	 {R. Tron and K. Daniilidis},
  title = 	 {Technical report on Optimization-Based Bearing-Only Visual Homing with Applications to a 2-D Unicycle Model},
  note = ARXIV,
  year={2014}
}

@article{Tron:TAC14,
  title={Distributed {3-D} Localization of Camera Sensor Networks
from {2-D} Image Measurements},
  author={R. Tron and R. Vidal},
  journal=IEEE_J_AC,
  year={2014}
}

@INPROCEEDINGS{Atanasov:CDC14,
  author = {N. Atanasov and R. Tron and V. M. Preciado and G. J. Pappas},
  title = {Joint estimation and localization in sensor networks},
  booktitle = IEEE_C_CDC,
  pages={6875--6882},
  year = {2014},
}

@inproceedings{Leonardos:CVPR15,
  title={A Metric Parametrization for Trifocal Tensors with Non-Colinear Pinholes},
  author={S. Leonardos and R. Tron and K. Daniilidis},
  booktitle=IEEE_C_CVPR,
  pages={259--267},
  year={2015}
}

@inproceedings{Tron:WPMS15,
  title={On the inclusion of determinant constraints in {L}agrangian duality for {3D SLAM}},
  author={R. Tron and D. M. Rosen and L. Carlone},
  booktitle={Workshop on The Problem of Mobile Sensors},
  year={2015}
}

@inproceedings{Carlone:ICRA15,
  author={L. Carlone and R. Tron and K. Daniilidis and F. Dellaert},
  title={Initialization Techniques for {3D SLAM}: a Survey on Rotation Estimation and its Use in Pose Graph Optimization},
  booktitle=IEEE_C_ICRA,
  year={2015}
}

@inproceedings{Tron:ACC15,
  author={R. Tron and L. Carlone and F. Dellaert and K. Daniilidis},
  title={Rigid Components Identification and Rigidity Enforcement in Bearing-Only Localization using the Graph Cycle Basis},
  booktitle=IEEE_C_ACC,
  year={2015}
}

@article{Tron:CSM16,
  author={R. Tron and J. Thomas and G. Loianno and K. Daniilidis and V. Kumar},
  title={A Distributed Optimization Framework for Localization and Formation Control with Applications to Vision-Based Measurements
},
  journal=IEEE_M_CS,
  year=2016
}

@inproceedings{Tron:DiffCVML16,
  author={R. Tron and X. Zhou and K. Daniilidis},
  title={A Survey on Rotation Optimization in Structure from Motion},
  booktitle={Workshop on Differential Geometry and Computer Vision},
  year={2016}
}

@unpublished{Tron:ArXiv16,
  author = 	 {R. Tron},
  title = 	 {A Factorization Approach to Inertial Affine Structure from Motion},
  note = {ArXiV, \url{http://arxiv.org/abs/1608.02680}},
  year={2016}
}

@inproceedings{Tron:CDC16,
  author={R. Tron and J. Thomas and G. Loianno and K. Daniilidis and V. Kumar},
  title={Bearing-only formation control with auxiliary distance measurements, leaders, and collision avoidance},
  booktitle=IEEE_C_CDC,
  year={2016}
}

@CONFERENCE{Tron:ICCV17,
  author = {R. Tron and X. Zhou and C. Esteves and K. Daniilidis},
  title = {Fast Multi-Image Matching via Density-Based Clustering},
  booktitle = IEEE_C_ICCV,
  year = {2017},
}

@article{Tron:SIIMS17,
  title={The space of essential matrices as a Riemannian quotient manifold},
  author={R. Tron and K. Daniilidis},
  journal=SIAM_J_IS,
  year={2017},
  publisher={Society for Industrial and Applied Mathematics}
}

@inproceedings{Karimian:CDC17,
  author={A. Karimian and R. Tron},
  title={Theory and Methods for Bearing Rigidity Recovery},
  booktitle=IEEE_C_CDC,
  year={2017}
}

@inproceedings{Schiano:ICRA18,
  author={F. Schiano and R. Tron},
  title={The Dynamic Bearing Observability Matrix: Nonlinear Observability and Estimation for Multi-Agent Systems},
  booktitle=IEEE_C_ICRA,
  year={2018}
}

@inproceedings{Leonardos:ACC19,
  author={Spyridon Leonardos and Kostas Daniilidis and Roberto Tron},
  title={Distributed 3-D bearing-only orientation localization},
  booktitle=IEEE_C_CDC,
  year={2019 (under review)}
}


@inproceedings{Serlin:ISER18,
  author={Z. Serlin and B. Sookraj and C. Belta and R. Tron},
  title={Consistent Multi-Robot Object Matching via {Q}uick{M}atch},
  booktitle=ISER,
  year=2018
}

@inproceedings{Pandey:IROS18,
  author={P. Pandey and Q. He and D. Pompili and R. Tron},
  title={Light-weight Object Detection and Decision Making via Approximate Computing in Resource-constrained Mobile Robots},
  booktitle=IROS,
  year=2018
}

@inproceedings{Serlin:IROS18,
  author={Z. Serlin and K. Leahy and R. Tron and C. Belta},
  title={Distributed Sensing Subject to Temporal Logic Constraints},
  booktitle=IROS,
  year=2018
}

@inproceedings{Vang:ACC19,
  author={Bee Vang and Roberto Tron},
  title={Geometric Attitude Control via Contraction on Manifolds with Automatic Gain Selection},
  booktitle=IEEE_C_CDC,
  year={2019 (under review)}
}

@inproceedings{Pandey:IROS18,
  author={P. Pandey and Q. He and D. Pompili and R. Tron},
  title={Distributed Sensing Subject to Temporal Logic Constraints},
  booktitle=IEEE_C_IROS,
  year={2018}
}

@INPROCEEDINGS{Tron:CDC18,
  author = {R. Tron},
  title = {Bearing-Based Formation Control with Second-Order Agent Dynamics},
  booktitle = IEEE_C_CDC,
  year = {2018},
}
