@article{Longuet:87,
  title={A computer algorithm for reconstructing a scene from two projections},
  author={Longuet-Higgins, HC},
  journal={Readings in Computer Vision: Issues, Problems, Principles, and Paradigms},
  pages={61--62},
  year={1987}
}

@article{Longuet:nature81,
author = {H. C. Longuet-Higgins},
title = {A computer algorithm for reconstructing a scene from two projections},
journal = {Nature},
volume = {293},
year = {1981},
pages = {133--135},
issue = {5828},
}

@Book{Hartley:book04,
    author = "R. I. Hartley and A. Zisserman",
    title = "Multiple View Geometry in Computer Vision",
    edition = "Second",
    year = "2004",
    publisher = "Cambridge University Press"
}

@book{Ma:book04,
  title={An invitation to 3-{D} vision: from images to geometric models},
  author={Ma, Yi},
  year=2004,
  publisher={Springer}
}

@inproceedings{Geyer:omnivis04,
  title={Euclid meets Fourier: Applying harmonic analysis to essential matrix estimation in omnidirectional cameras},
  author={C. Geyer and S. Sastry and R. Bajcsy},
  booktitle=OMNIVIS,
  volume={2},
  pages={3},
  year={2004}
}

@inproceedings{Geyer:iccv03,
author="C. Geyer and K. Daniilidis",
title="Mirrors in motion: Epipolar geometry and motion estimation",
booktitle=IEEE_C_ICCV,
year = 2003,
pages="766--773",
}


@article{Helmke:ijcv07,
  title={Essential matrix estimation using Gauss-Newton iterations on a manifold},
  author={U. Helmke and K. H{\"u}per and P. Y. Lee and J. Moore},
  journal=ijcv,
  volume={74},
  number={2},
  pages={117--136},
  year={2007},
  publisher={Springer}
}

@article{Soatto:tac96,
  title={Motion estimation via dynamic vision},
  author="S. Soatto and R. Frezza and P. Perona",
  journal=IEEE_J_AC,
  volume=41,
  number=3,
  pages={393--413},
  year=1996,
  publisher={IEEE}
}

@article{nister2004efficient,
  title={An efficient solution to the five-point relative pose problem},
  author={Nist{\'e}r, David},
  journal=IEEE_J_PAMI,
  volume={26},
  number={6},
  pages={756--770},
  year={2004},
  publisher={IEEE}
}

@article{Hartley:pami12,
  title={An efficient hidden variable approach to minimal-case camera motion estimation},
  journal=IEEE_J_PAMI,
  author={R. Hartley  and H. Li},
  year={2012},
  publisher={IEEE}
}

@article{hartley1997lines,
  title={Lines and points in three views and the trifocal tensor},
  author={Hartley, Richard I},
  journal=IJCV,
  volume={22},
  number={2},
  pages={125--140},
  year={1997},
  publisher={Springer}
}

@article{torr1997robust,
  title={Robust parameterization and computation of the trifocal tensor},
  author={Torr, Philip HS and Zisserman, Andrew},
  journal={Image and vision Computing},
  volume={15},
  number={8},
  pages={591--605},
  year={1997},
  publisher={Elsevier Science}
}

@article{Ansar:pami03,
  title={Linear pose estimation from points or lines},
  author={A. Ansar and K. Daniilidis},
  journal= IEEE_J_PAMI,
  volume={25},
  number={5},
  pages={578--589},
  year={2003},
  publisher={IEEE}
}

@book{Zhang:book92,
  title={3D dynamic scene analysis: a stereo based approach},
  author={Zhang, Zhengyou and Faugeras, Olivier},
  year={1992},
  publisher={Springer}
}

@book{Faugeras:book93,
  title={Three dimensional computer vision: A geometric viewpoint},
  author={Faugeras, Oliver},
  year=1993,
  publisher={The {MIT} Press}
}

@inproceedings{Dong:CVPR15,
  title={Domain-Size Pooling in Local Descriptors: {DSP-SIFT}},
  author={J. Dong and S. Soatto},
  booktitle=IEEE_C_CVPR,
  pages={5097--5106},
  year={2015}
}

@article{Bay:CVIU08,
  title={Speeded-up robust features {(SURF)}},
  author={H. Bay and A. Ess and T. Tuytelaars and L. Van Gool},
  journal=CVIU,
  volume={110},
  number={3},
  pages={346--359},
  year={2008},
  publisher={Elsevier}
}

@incollection{Rosten:ECCV06,
  title={Machine learning for high-speed corner detection},
  author={E. Rosten and T. Drummond},
  booktitle=IEEE_C_ECCV,
  pages={430--443},
  year={2006},
  publisher={Springer}
}

@article{olsson2010outlier,
author = {Olsson, Carl and Eriksson, Anders and Hartley, Richard},
journal = IEEE_C_CVPR,
pages = {1450--1457},
title = {Outlier removal using duality},
year = {2010}
}

@article{hartley2009global,
  title={Global optimization through rotation space search},
  author={Hartley, Richard I and Kahl, Fredrik},
  journal=IJCV,
  volume={82},
  number={1},
  pages={64--79},
  year={2009},
  publisher={Springer}
}

@inproceedings{horowitz2014convex,
  title={Convex relaxations of {SE(2)} and {SE(3)} for visual pose estimation},
  author={Horowitz, Matanya B and Matni, Nikolai and Burdick, Joel W},
  booktitle=IEEE_C_ICRA,
  pages={1148--1154},
  year={2014},
  organization={IEEE}
}
