@article{Attanasi:PAMI15,
  title={{GReTA} - A novel {G}lobal and {R}ecursive {T}racking {A}lgorithm in three dimensions},
  author={A. Attanasi and A. Cavagna and L. Del Castello and I. Giardina and A. Jelic and S. Melillo and L. Parisi and F. Pellacini and E. Shen and E. Silvestri},
  journal=IEEE_J_PAMI,
volume={37},
number={12},
  year={2015},
  publisher={IEEE}
}

@inproceedings{Wu:ICCV09,
  title={Tracking a large number of objects from multiple views},
  author={Z. Wu and N. I. Hristov and T. L. Hedrick and T. H. Kunz and M. Betke},
  booktitle=IEEE_C_ICCV,
  pages={1546--1553},
  year={2009},
}

@inproceedings{Zou:ICCV09,
  title={Reconstructing {3D} motion trajectories of particle swarms by global correspondence selection},
  author={D. Zou and Q. Zhao and H. S. Wu and Y. Q. Chen},
  booktitle=IEEE_C_ICCV,
  pages={1578--1585},
  year={2009},
}

@article{Wu:OE11,
  title={Automated {3D} trajectory measuring of large numbers of moving particles},
  author={H. S. Wu and Q. Zhao and D. Zou and Y. Q. Chen},
  journal={Optics express},
  volume={19},
  number={8},
  pages={7646--7663},
  year={2011},
  publisher={Optical Society of America}
}

@inproceedings{Wu:CVPR11,
  title={Efficient track linking methods for track graphs using network-flow and set-cover techniques},
  author={Z. Wu and T. H. Kunz and M. Betke},
  booktitle=IEEE_C_CVPR,
  pages={1185--1192},
  year={2011},
  organization={IEEE}
}

@inproceedings{Liu:ECCV12,
  title={Automatic tracking of a large number of moving targets in {3D}},
  author={Y. Liu and H. Li and Y. Q. Chen},
  booktitle=IEEE_C_ECCV,
  pages={730--742},
  year={2012},
  organization={Springer}
}

@article{Ardekani:JRSI12,
  title={Three-dimensional tracking and behaviour monitoring of multiple fruit flies},
  author={R. Ardekani and A. Biyani and J. E. Dalton and J. B. Saltz and M. N. Arbeitman and J. Tower and S. Nuzhdin and S. Tavar{\'e}},
  journal={Journal of The Royal Society Interface},
  pages={rsif20120547},
  year={2012},
  publisher={The Royal Society}
}
