@book{Szeliski:book10,
  title={Computer vision: algorithms and applications},
  author={R. Szeliski},
  year={2010},
  publisher={Springer Science \& Business Media}
}

@incollection{Son:ECCV14,
  title={Solving square jigsaw puzzles with loop constraints},
  author={K. Son and J. Hays and D. B. Cooper},
  booktitle=IEEE_C_ECCV,
  pages={32--46},
  year=2014,
  publisher={Springer}
}

@article{Lowe:IJCV04,
  title={Distinctive image features from scale-invariant keypoints},
  author={D. G. Lowe},
  journal=IJCV,
  volume={60},
  number={2},
  pages={91--110},
  year={2004},
  publisher={Springer}
}

@inproceedings{Moore:UAI00,
  title={The anchors hierarchy: Using the triangle inequality to survive high dimensional data},
  author={A. W. Moore},
  booktitle={Uncertainty in artificial intelligence},
  pages={397--405},
  year={2000},
  organization={Morgan Kaufmann Publishers Inc.}
}

@InProceedings{Zhou:CVPR16,
author = {X. Zhou and M. Zhu and S. Leonardos and K. G. Derpanis and K. Daniilidis},
title = {Sparseness Meets Deepness: {3D} Human Pose Estimation From Monocular Video},
booktitle = IEEE_C_CVPR,
year = {2016}
}

@inproceedings{Zhu:ICCV15,
  title={Single Image Pop-Up from Discriminatively Learned Parts},
  author={M. Zhu and X. Zhou and K. Daniilidis},
  booktitle=IEEE_C_ICCV,
  pages={927--935},
  year={2015}
}

@inproceedings{Zhou:CVPR15,
  title={{3D} shape estimation from {2D} landmarks: A convex relaxation approach},
  author={X. Zhou and S. Leonardos and X. Hu and K. Daniilidis},
  booktitle=IEEE_C_CVPR,
  pages={4447--4455},
  year={2015}
}

