@inproceedings{Varol:ICCV09,
  title={Template-free monocular reconstruction of deformable surfaces},
  author={A. Varol and M. Salzmann and E. Tola and P. Fua},
  booktitle=IEEE_C_ICCV,
  pages={1811--1818},
  year={2009},
  organization={IEEE}
}

@inproceedings{Chhatkuli:BMVC14,
  title={Non-Rigid Shape-from-Motion for Isometric Surfaces using Infinitesimal Planarity.},
  author={A. Chhatkuli and D. Pizarro and A. Bartoli},
  booktitle=BMVC,
  year={2014}
}

@inproceedings{Taylor:CVPR10,
  title={Non-rigid structure from locally-rigid motion},
  author={J. Taylor and A. D. Jepson and K. N. Kutulakos},
  booktitle=IEEE_C_CVPR,
  pages={2761--2768},
  year={2010},
}

@article{Torresani:PAMI08,
  title={Nonrigid structure-from-motion: Estimating shape and motion with hierarchical priors},
  author={L. Torresani and A. Hertzmann and C. Bregler},
  journal=IEEE_J_PAMI,
  volume={30},
  number={5},
  pages={878--892},
  year={2008},
  publisher={IEEE}
}

@inproceedings{Vicente:ECCV12,
  title={Soft inextensibility constraints for template-free non-rigid reconstruction},
  author={S. Vicente and L. Agapito},
  booktitle=IEEE_C_ECCV,
  pages={426--440},
  year={2012},
  organization={Springer}
}

@inproceedings{Gotardo:ICCV11,
  title={Kernel non-rigid structure from motion},
  author={P. F. U. Gotardo and A. M. Martinez},
  booktitle=IEEE_C_ICCV,
  pages={802--809},
  year={2011},
  organization={IEEE}
}

@Article{xiao2006closed,
  title                    = {A closed-form solution to non-rigid shape and motion recovery},
  author                   = {Xiao, Jing and Chai, Jinxiang and Kanade, Takeo},
  journal                  = IJCV,
  year                     = {2006},
  number                   = {2},
  pages                    = {233--246},
  volume                   = {67},
  Publisher                = {Springer}
}

@inproceedings{Akhter:NIPS09,
  title={Nonrigid structure from motion in trajectory space},
  author={I. Akhter and Y. Sheikh and S. Khan and T. Kanade},
  booktitle=NIPS,
  pages={41--48},
  year={2009}
}

@article{Agudo:PAMI16,
  title={Sequential non-rigid structure from motion using physical priors},
  author={A. Agudo and F. Moreno-Noguer and B. Calvo and J. M. M. Montiel},
  journal=IEEE_J_PAMI,
  volume={38},
  number={5},
  pages={979--994},
  year={2016},
  publisher={IEEE}
}

@InProceedings{Parashar:CVPR16,
author = {S. Parashar and D. Pizarro and A. Bartoli},
title = {Isometric Non-Rigid Shape-From-Motion in Linear Time},
booktitle = IEEE_C_CVPR,
year = {2016}
}

@inproceedings{xiao2004real,
  title={Real-time combined {2D}+{3D} active appearance models},
  author={Xiao, Jing and Baker, Simon and Matthews, Iain and Kanade, Takeo},
  booktitle=IEEE_C_CVPR,
  pages={535--542},
  year={2004}
}

@InProceedings{bregler2000recovering,
  title                    = {Recovering non-rigid {3D} shape from image streams},
  author                   = {Bregler, Christoph and Hertzmann, Aaron and Biermann, Henning},
  booktitle                = IEEE_C_CVPR,
  year                     = {2000},
}
