@article{Liu:TRA13,
author={M. Liu and C. Pradalier and R. Siegwart},
journal=IEEE_J_RA,
title={Visual Homing From Scale With an Uncalibrated Omnidirectional Camera},
year=2013,
volume=29,
number=6,
pages={1353--1365},
}

@article{Aranda:AR13,
  title={Angle-based homing from a reference image set using the 1D trifocal tensor},
  author={M. Aranda and G. L{\'o}pez-Nicol{\'a}s and C. Sag{\"u}{\'e}s},
  journal=AR,
  volume=34,
  pages={73--91},
  year=2013,
  publisher={Springer}
}

@inproceedings {Schroeter:IAS08,
    author = { D. Schroeter and P. Newman },
    booktitle = {International Conference on Autonomous Systems},
    title = { On the Robustness of Visual Homing under Landmark Uncertainty },
    year = 2008,
}

@article{Wei:IJISTA05,
  title={Biomimetic application of desert ant visual navigation for mobile robot docking with weighted landmarks},
  author={R. Wei and D. Austin and R. Mahony},
  journal={International Journal of Intelligent Systems Technologies and Applications},
  volume={1},
  pages={174--190},
  year={2005},
  publisher={Inderscience}
}

@article{Angulo:AIRD07,
  title={Using the average landmark vector method for robot homing},
  author={C. Angulo and L. Godo},
  journal= AIRD,
  volume={163},
  pages={331},
  year={2007},
  publisher={IOS Press}
}

@article{Cartwright:JCP83,
  title={Landmark learning in bees},
  author={B. A. Cartwright and T. S. Collett},
  journal= JCPA,
  volume={151},
  number={4},
  pages={521--543},
  year={1983},
  publisher={Springer}
}

@article{Wehner:JCPA03,
year={2003},
journal= JCPA,
volume={189},
number={8},
title={Desert ant navigation: how miniature brains solve complex tasks},
publisher={Springer-Verlag},
author={R. Wehner},
pages={579--588}
}

@article{McLeman:IS02,
title = "Navigation using visual landmarks by the ant {L}eptothorax albipennis",
author = "M. A. McLeman and S. C. Pratt and N. R. Franks",
year = "2002",
volume = "49",
pages = "203 -- 208",
journal = "Insectes Sociaux",

}
@INPROCEEDINGS{Usher:ICRA03,
    author = {K. Usher and P. Ridley and P. Corke},
    title = {Visual servoing of a car-like vehicle - an application of omnidirectional vision},
    booktitle = IEEE_C_ICRA,
    year = {2003}
}

@MISC{Moller:CVMRW98,
    author = {Ralf M\:oller and Dimitrios Lambrinos and Rolf Pfeifer and R\:udiger Wehner},
    title = {Insect Strategies of Visual Homing in Mobile Robots},
    booktitle= CVMRW,
    year = 1998
}

@phdthesis{Malis:Thesis98,
	Author = {Malis, E.},
	School = {Universit\'e de Rennes 1},
	Title = {Contributions \'a la mod\'elisation et \'a la commande en asservissement visuel},
	Year = 1998}

@incollection{Corke:RR03,
year={2003},
booktitle= RR,
volume={6},
series={Springer Tracts in Advanced Robotics},
title={Mobile Robot Navigation As A Planar Visual Servoing Problem},
publisher={Springer Berlin Heidelberg},
author={Peter Corke},
pages={361--372},
}

@InProceedings{Lambrinos:GNC98,
  author = 	 {D. Lambrinos and R. Moller and R. Pfeifer and R. Wehner},
  title = 	 {Landmark navigation without snapshots: the average landmark vector model},
  booktitle = {Goettingen Neurobiology Conference},
  pages = 	 {221},
  year = 	 {1998},
  volume = 	 {1},
}

. . In , volume 1, page 221, 1998.

@INPROCEEDINGS{Goedeme:CIRA05,
author={T. Goedeme and T. Tuytelaars and L. Van Gool and D. Vanhooydonck and E. Demeester and M. Nuttin},
booktitle= IEEE_C_CIRA,
title={Is structure needed for omnidirectional visual homing?},
year={2005},
pages={303--308}
}

@inproceedings{Lim:RSS09,
  title={Robust visual homing with landmark angles},
  author={John Lim and Nick Barnes},
  booktitle= RSS,
  year={2009},
}

@INPROCEEDINGS{Liu:ICRA13,
author={M. Liu and C. Pradalier and Q. Chen and R. Siegwart},
booktitle= IEEE_C_ICRA,
title={A bearing-only 2D/3D-homing method under a visual servoing framework},
year={2010},
pages={4062--4067}
}

@ARTICLE{Papanikolopoulos:TAC93,
author={N. P. Papanikolopoulos and P. K. Khosla},
journal=IEEE_J_AC,
title={Adaptive robotic visual tracking: theory and experiments},
year={1993},
volume={38},
number={3},
pages={429--445}
}

@INPROCEEDINGS{Mariottini:ICRA04,
author={Mariottini, G.L. and Prattichizzo, D. and Oriolo, G.},
booktitle= IEEE_C_ICRA,
title={Epipole-based visual servoing for nonholonomic mobile robots},
year={2004},
volume={1},
pages={497--503}
}

@ARTICLE{Mariottini:TRA07,
author={G. L. Mariottini and G. Oriolo and D. Prattichizzo},
journal= IEEE_J_RA,
title={Image-Based Visual Servoing for Nonholonomic Mobile Robots Using Epipolar Geometry},
year={2007},
volume={23},
number={1},
pages={87--100},
}

@incollection{Piazzi:CPR03,
year={2003},
booktitle={Control Problems in Robotics},
volume={4},
series={Springer Tracts in Advanced Robotics},
title={Visual Servoing Along Epipoles},
publisher={Springer Berlin Heidelberg},
author={J. Piazzi and D. Prattichizzo and A. Vicino},
pages={215--231},
}

@INPROCEEDINGS{Basri:ICCV98,
author={R. Basri and E. Rivlin and I. Shimshoni},
booktitle= IEEE_C_ICCV,
title={Visual homing: surfing on the epipoles},
year={1998},
pages={863--869}
}

@INPROCEEDINGS{Rives:IROS00,
author={P. Rives},
booktitle= IEEE_C_IROS,
title={Visual servoing based on epipolar geometry},
year={2000},
volume={1},
pages={602--607}
}

@ARTICLE{Hong:CSM92,
author={J. Hong and X. Tan and B. Pinette and R. Weiss and E. M. Riseman},
journal= IEEE_M_CS,
title={Image-based homing},
year={1992},
volume={12},
number={1},
pages={38--45}
}

@InProceedings{LopezNicolas:ICRA06,
  author =       {G. L\'{o}pez-Nicol\'{a}s and C. Sag\"{u}\'{e}s and J. J. Guerrero and D. Kragic and P. Jensfelt},
  title =        {Nonholonomic Epipolar Visual Servoing},
  booktitle =    IEEE_C_ICRA,
  year =         2006
}

@inproceedings{Becerra:IROS08,
  title={A sliding mode control law for epipolar visual servoing of differential-drive robots},
  author={H. M. Becerra and C. Sagues},
  booktitle= IEEE_C_IROS,
  pages={3058--3063},
  year={2008},
}

@inproceedings{Loizou:CDC07,
  title={Biologically inspired bearing-only navigation and tracking},
  author={S. G. Loizou and V. Kumar},
  booktitle= IEEE_C_CDC,
  pages={1386--1391},
  year=2007,
}

@article{Cowan:TRA02,
  title={Visual servoing via navigation functions},
  author={N. Cowan and J. D. Weingarten and D. E. Koditschek},
  journal= IEEE_J_JRA,
  volume={18},
  number={4},
  pages={521--533},
  year={2002},
}

@inproceedings{Argyros:CVPR01,
  title={Robot homing based on corner tracking in a sequence of panoramic images},
  author={A. A. Argyros and K. E. Bekris and S. E. Orphanoudakis},
  booktitle=IEEE_C_CVPR,
  volume={2},
  pages={3--11},
  year={2001},
}

@inproceedings{Liu:ICRA12,
  title={Scale-only visual homing from an omnidirectional camera},
  author={M. Liu and C. Pradalier and F. Pomerleau and R. Siegwart},
  booktitle= IEEE_C_ICRA,
  pages={3944--3949},
  year={2012},
}

@article{Aranda:AR13,
  title={Angle-based homing from a reference image set using the 1D trifocal tensor},
  author={M. Aranda and G. L{\'o}pez-Nicol{\'a}s and C. Sag{\"u}{\'e}s},
  journal=AR,
  volume={34},
  number={1-2},
  pages={73--91},
  year={2013},
  publisher={Springer}
}

@inproceedings { Schroeter:IAS08,
    author = { D.  Schroeter and P. Newman },
    booktitle = { International Conference on Autonomous Systems},
    title = { On the Robustness of Visual Homing under Landmark Uncertainty },
    year = { 2008 },
}

@article{Wei:IJISTA05,
  title={Biomimetic application of desert ant visual navigation for mobile robot docking with weighted landmarks},
  author={R. Wei and D. Austin and R. Mahony},
  journal={International Journal of Intelligent Systems Technologies and Applications},
  volume={1},
  number={1},
  pages={174--190},
  year={2005},
}

@article{chaumette2007visual,
  title={Visual servo control, Part {II}: Advanced approaches},
  author={Chaumette, Fran{\c{c}}ois and Hutchinson, Seth},
  journal=IEEE_M_RA,
  volume={14},
  number={1},
  pages={109--118},
  year={2007}
}

@article{chaumette2006visual,
  title={Visual servo control, {I}: Basic approaches},
  author={Chaumette, F. and Hutchinson, Seth},
  journal=IEEE_M_RA,
  volume={13},
  number={4},
  pages={82--90},
  year={2006},
  publisher={IEEE}
}
