@INPROCEEDINGS{Geiger:IV11,
  author = {A. Geiger and J. Ziegler and C. Stiller},
  title = {Stereo{S}can: Dense 3d Reconstruction in Real-time},
  booktitle = {Intelligent Vehicles Symposium},
  year = {2011}
}

@inproceedings{Loianno:ICRA16,
  title={Visual inertial odometry for quadrotors on ${SE(3)}$},
  author={Loianno, Giuseppe and Watterson, Michael and Kumar, Vijay},
  booktitle=IEEE_C_ICRA,
  pages={1544--1551},
  year={2016},
  organization={IEEE}
}

@inproceedings{Forster:ICRA14,
  title={{SVO}: Fast semi-direct monocular visual odometry},
  author={Forster, Christian and Pizzoli, Matia and Scaramuzza, Davide},
  booktitle=IEEE_C_ICRA,
  pages={15--22},
  year={2014},
  organization={IEEE}
}
