
@misc{ArrayOfThings,
  author= {{Argonne National Laboratory}},
  title = {Array of Things},
  howpublished = {\url{http://arrayofthings.github.io/index.html}},
  note = {Accessed: 2016-09-11}
}

@misc{SONYC,
  author= {cre.tech},
  title = {{NYU} Launches Research Initiative to Combat {NYC} Noise Pollution},
  howpublished = {\url{https://cre.tech/nyu-launches-research-initiative-combat-nyc-noise-pollution/}},
  note = {Accessed: 2016-09-11}
}

@misc{parallemic,
  author= {Ilian Bonev},
  title = {{ParalleMIC}: The Parallel Mechanisms Information Center},
  howpublished = {\url{https://www.parallemic.org/}},
  note = {Accessed: 2016-09-11}
}

@misc{Sookraj,
  author= {Brandon Sookraj},
  title = {EPIC Robotics Research Blog},
  howpublished = {\url{https://sookrajrobotics.wordpress.com/}},
  note = {Accessed: 2018-01-18}
}

@misc{NetMatch,
  author= {R. Tron},
  title={{N}et{M}atch: the Game, Git Repository},
  howpublished={\url{https://bitbucket.org/tronroberto/pythonnetmatchgame}},
  note = {Accessed: 2018-11-14}
}

@misc{Duckietown,
  author= {Duckietown Fundation},
  title = {Duckietown - {A} playful way to learn robotics},
  howpublished = {\url{https://www.duckietown.org/}},
  note = {Accessed: 2019-06-13}
}

@misc{DJITelloEdu,
  author= {DJI Technology, Co.},
  title = {Tello EDU},
  howpublished = {\url{https://store.dji.com/product/tello-edu?vid=47091/}},
  note = {Accessed: 2019-06-17}
}

@misc{BUTodayIntroductionToRobotics,
  author= {BU Today},
  title = {Look, Ma, I Built a Robot},
  howpublished = {\url{http://www.bu.edu/today/2019/intro-to-robotics-class/}},
  note = {Accessed: 2019-06-17}
}

@misc{WeaselWords,
  author =    {Matt Might},
  title =     {3 shell scripts to improve your writing, or ``{M}y {Ph.D.} advisor rewrote himself in bash.'' },
  howpublished = {\url{http://matt.might.net/articles/shell-scripts-for-passive-voice-weasel-words-duplicates/}},
  note =      {Accessed: 2019-11-20},
}

@misc{WidowOrphanLines,
  author =    {{Wikipedia Contributors}},
  title =     {Widow and Orphans},
  howpublished = {\url{https://en.wikipedia.org/wiki/Widows_and_orphans}},
  note =      {Accessed: 2019-11-20},
}
