@misc{multiplo,
  author= {Multiplo LLC},
  title = {Multiplo Git Repository},
  howpublished = {\url{https://github.com/multiplo}},
  note = {Accessed: 2019-06-19}
}

@misc{vex,
  author= {VEX Robotics},
  title = {Multiplo Git Repository},
  howpublished = {\url{https://www.vexrobotics.com/}},
  note = {Accessed: 2019-06-19}
}

@misc{makeblock,
  author= {Makeblock},
  title = {Makeblock: Global STEAM Education Solution Provider},
  howpublished = {\url{https://www.makeblock.com/}},
  note = {Accessed: 2019-06-19}
}

@misc{mindstorm,
  author= {LEGO},
  title = {Mindstorms LEGO},
  howpublished = {\url{https://www.lego.com/mindstorms/}},
  note = {Accessed: 2019-06-19}
}

